<?xml version="1.0" encoding="UTF-8"?>
<!DOCTYPE html PUBLIC "-//W3C//DTD XHTML 1.0 Transitional//EN"
    "http://www.w3.org/TR/xhtml1/DTD/xhtml1-transitional.dtd">
<html xmlns="http://www.w3.org/1999/xhtml" xml:lang="en" lang="en">
 <head>
  <title>
</title>
<meta http-equiv="Content-Type" content="text/html;charset=utf-8" />
  <meta name='ocr-system' content='tesseract 3.04.00' />
  <meta name='ocr-capabilities' content='ocr_page ocr_carea ocr_par ocr_line ocrx_word'/>
</head>
<body>
  <div class='ocr_page' id='page_1' title='image "./desublimiinevan02gerbgoog_0311.png"; bbox 0 0 2438 4566; ppageno 0'>
   <div class='ocr_carea' id='block_1_1' title="bbox 9 306 1087 3712">
    <p class='ocr_par' dir='ltr' id='par_1_1' title="bbox 116 306 1067 557">
     <span class='ocr_line' id='line_1_1' title="bbox 367 306 916 399; baseline 0 -32"><span class='ocrx_word' id='word_1_1' title='bbox 367 306 600 367; x_wconf 45' lang='grc' dir='ltr'>ξ..-</span> <span class='ocrx_word' id='word_1_2' title='bbox 849 328 916 399; x_wconf 69' lang='lat'>311</span> 
     </span>
     <span class='ocr_line' id='line_1_2' title="bbox 116 446 1067 557; baseline -0.003 -22"><span class='ocrx_word' id='word_1_3' title='bbox 116 458 299 557; x_wconf 77' lang='lat' dir='ltr'>Siquidem</span> <span class='ocrx_word' id='word_1_4' title='bbox 320 487 388 535; x_wconf 88' lang='lat' dir='ltr'>nos</span> <span class='ocrx_word' id='word_1_5' title='bbox 411 462 577 535; x_wconf 86' lang='lat' dir='ltr'>Christus</span> <span class='ocrx_word' id='word_1_6' title='bbox 592 481 663 535; x_wconf 87' lang='lat' dir='ltr'>tam</span> <span class='ocrx_word' id='word_1_7' title='bbox 682 459 833 537; x_wconf 84' lang='lat' dir='ltr'>suaviter</span> <span class='ocrx_word' id='word_1_8' title='bbox 853 461 924 534; x_wconf 87' lang='lat' dir='ltr'>alli·</span> <span class='ocrx_word' id='word_1_9' title='bbox 951 446 1067 511; x_wconf 59' lang='grc' dir='ltr'>ΟΜ</span> 
     </span>
    </p>

    <p class='ocr_par' dir='ltr' id='par_1_2' title="bbox 34 558 1087 784">
     <span class='ocr_line' id='line_1_3' title="bbox 34 558 1087 715; baseline 0 -66"><span class='ocrx_word' id='word_1_10' title='bbox 34 574 107 665; x_wconf 75' lang='lat' dir='ltr'>tit,</span> <span class='ocrx_word' id='word_1_11' title='bbox 134 602 170 651; x_wconf 87' lang='lat' dir='ltr'>et</span> <span class='ocrx_word' id='word_1_12' title='bbox 187 578 329 651; x_wconf 85' lang='lat' dir='ltr'>invitat:</span> <span class='ocrx_word' id='word_1_13' title='bbox 362 592 467 652; x_wconf 83' lang='lat' dir='ltr'>Venite</span> <span class='ocrx_word' id='word_1_14' title='bbox 488 591 597 653; x_wconf 84' lang='lat' dir='ltr'>adme</span> <span class='ocrx_word' id='word_1_15' title='bbox 617 610 737 667; x_wconf 84' lang='lat' dir='ltr'>omnes,</span> <span class='ocrx_word' id='word_1_16' title='bbox 765 594 819 672; x_wconf 79' lang='lat' dir='ltr'>qui</span> <span class='ocrx_word' id='word_1_17' title='bbox 842 558 1087 715; x_wconf 48' lang='lat' dir='ltr'>labo-Q</span> 
     </span>
     <span class='ocr_line' id='line_1_4' title="bbox 37 706 923 784; baseline 0.003 -17"><span class='ocrx_word' id='word_1_18' title='bbox 37 706 124 767; x_wconf 75' lang='lat' dir='ltr'>ratis</span> <span class='ocrx_word' id='word_1_19' title='bbox 144 718 176 767; x_wconf 81' lang='lat' dir='ltr'>et</span> <span class='ocrx_word' id='word_1_20' title='bbox 192 709 314 767; x_wconf 79' lang='lat' dir='ltr'>onerati</span> <span class='ocrx_word' id='word_1_21' title='bbox 335 709 427 783; x_wconf 82' lang='lat' dir='ltr'>estis,</span> <span class='ocrx_word' id='word_1_22' title='bbox 451 718 482 767; x_wconf 86' lang='lat' dir='ltr'>et</span> <span class='ocrx_word' id='word_1_23' title='bbox 502 725 555 782; x_wconf 80' lang='lat' dir='ltr'>ego</span> <span class='ocrx_word' id='word_1_24' title='bbox 573 706 706 783; x_wconf 77' lang='lat' dir='ltr'>reficiam</span> <span class='ocrx_word' id='word_1_25' title='bbox 728 726 807 784; x_wconf 87' lang='lat' dir='ltr'>oor,</span> <span class='ocrx_word' id='word_1_26' title='bbox 831 723 923 770; x_wconf 87' lang='lat' dir='ltr'>onus</span> 
     </span>
    </p>

    <p class='ocr_par' dir='ltr' id='par_1_3' title="bbox 9 810 1016 2203">
     <span class='ocr_line' id='line_1_5' title="bbox 9 810 927 903; baseline 0.002 -20"><span class='ocrx_word' id='word_1_27' title='bbox 9 826 12 835; x_wconf 85' lang='lat'>&#39;</span> <span class='ocrx_word' id='word_1_28' title='bbox 33 810 148 903; x_wconf 84' lang='lat' dir='ltr'>nobis</span> <span class='ocrx_word' id='word_1_29' title='bbox 161 812 406 885; x_wconf 85' lang='lat' dir='ltr'>laborantibus</span> <span class='ocrx_word' id='word_1_30' title='bbox 419 814 633 900; x_wconf 83' lang='lat' dir='ltr'>auferendo,</span> <span class='ocrx_word' id='word_1_31' title='bbox 653 834 688 887; x_wconf 91' lang='lat' dir='ltr'>et</span> <span class='ocrx_word' id='word_1_32' title='bbox 708 840 754 886; x_wconf 87' lang='lat' dir='ltr'>ex</span> <span class='ocrx_word' id='word_1_33' title='bbox 775 814 927 888; x_wconf 77' lang='lat' dir='ltr'>nolenti·</span> 
     </span>
     <span class='ocr_line' id='line_1_6' title="bbox 36 926 926 1027; baseline 0.007 -28"><span class='ocrx_word' id='word_1_34' title='bbox 36 926 111 1000; x_wconf 84' lang='lat' dir='ltr'>bus</span> <span class='ocrx_word' id='word_1_35' title='bbox 133 955 198 1025; x_wconf 86' lang='lat' dir='ltr'>per</span> <span class='ocrx_word' id='word_1_36' title='bbox 222 949 356 1001; x_wconf 85' lang='lat' dir='ltr'>naturae</span> <span class='ocrx_word' id='word_1_37' title='bbox 378 949 508 1002; x_wconf 83' lang='lat' dir='ltr'>nostrae</span> <span class='ocrx_word' id='word_1_38' title='bbox 529 930 735 1027; x_wconf 75' lang='lat' dir='ltr'>pravitatem</span> <span class='ocrx_word' id='word_1_39' title='bbox 760 932 926 1013; x_wconf 83' lang='lat' dir='ltr'>lubentes</span> 
     </span>
     <span class='ocr_line' id='line_1_7' title="bbox 36 1043 928 1144; baseline 0.002 -25"><span class='ocrx_word' id='word_1_40' title='bbox 36 1043 209 1119; x_wconf 76' lang='lat' dir='ltr'>iaciendo</span> <span class='ocrx_word' id='word_1_41' title='bbox 223 1072 288 1143; x_wconf 88' lang='lat' dir='ltr'>per</span> <span class='ocrx_word' id='word_1_42' title='bbox 300 1045 447 1141; x_wconf 82' lang='lat' dir='ltr'>gratiam</span> <span class='ocrx_word' id='word_1_43' title='bbox 463 1047 612 1134; x_wconf 90' lang='lat' dir='ltr'>Christi;</span> <span class='ocrx_word' id='word_1_44' title='bbox 638 1048 674 1118; x_wconf 92' lang='lat' dir='ltr'>in</span> <span class='ocrx_word' id='word_1_45' title='bbox 694 1074 765 1144; x_wconf 85' lang='lat' dir='ltr'>qua</span> <span class='ocrx_word' id='word_1_46' title='bbox 781 1049 928 1123; x_wconf 86' lang='lat' dir='ltr'>demon·</span> 
     </span>
     <span class='ocr_line' id='line_1_8' title="bbox 36 1163 933 1240; baseline 0.008 -7"><span class='ocrx_word' id='word_1_47' title='bbox 36 1163 185 1233; x_wconf 81' lang='lat' dir='ltr'>stranda</span> <span class='ocrx_word' id='word_1_48' title='bbox 215 1181 312 1235; x_wconf 89' lang='lat' dir='ltr'>totus</span> <span class='ocrx_word' id='word_1_49' title='bbox 342 1184 395 1235; x_wconf 88' lang='lat' dir='ltr'>est</span> <span class='ocrx_word' id='word_1_50' title='bbox 423 1183 548 1237; x_wconf 82' lang='lat' dir='ltr'>contra</span> <span class='ocrx_word' id='word_1_51' title='bbox 578 1165 652 1239; x_wconf 90' lang='lat' dir='ltr'>eius</span> <span class='ocrx_word' id='word_1_52' title='bbox 678 1167 799 1240; x_wconf 85' lang='lat' dir='ltr'>hostes</span> <span class='ocrx_word' id='word_1_53' title='bbox 833 1166 933 1239; x_wconf 88' lang='lat' dir='ltr'>Pela·</span> 
     </span>
     <span class='ocr_line' id='line_1_9' title="bbox 33 1278 929 1378; baseline 0.01 -29"><span class='ocrx_word' id='word_1_54' title='bbox 33 1278 168 1375; x_wconf 80' lang='lat' dir='ltr'>gianos</span> <span class='ocrx_word' id='word_1_55' title='bbox 195 1279 227 1350; x_wconf 81' lang='lat' dir='ltr'>S.</span> <span class='ocrx_word' id='word_1_56' title='bbox 249 1278 493 1375; x_wconf 84' lang='lat' dir='ltr'>Augustinus,</span> <span class='ocrx_word' id='word_1_57' title='bbox 526 1285 626 1375; x_wconf 92' lang='lat' dir='ltr'>quod</span> <span class='ocrx_word' id='word_1_58' title='bbox 663 1282 786 1378; x_wconf 80' lang='lat' dir='ltr'>iugum</span> <span class='ocrx_word' id='word_1_59' title='bbox 822 1286 929 1359; x_wconf 82' lang='lat' dir='ltr'>suave</span> 
     </span>
     <span class='ocr_line' id='line_1_10' title="bbox 37 1395 925 1485; baseline 0.005 -16"><span class='ocrx_word' id='word_1_60' title='bbox 37 1396 102 1485; x_wconf 83' lang='lat' dir='ltr'>fit,</span> <span class='ocrx_word' id='word_1_61' title='bbox 126 1416 161 1468; x_wconf 87' lang='lat' dir='ltr'>et</span> <span class='ocrx_word' id='word_1_62' title='bbox 181 1424 272 1470; x_wconf 88' lang='lat' dir='ltr'>onus</span> <span class='ocrx_word' id='word_1_63' title='bbox 291 1402 388 1483; x_wconf 89' lang='lat' dir='ltr'>leve,</span> <span class='ocrx_word' id='word_1_64' title='bbox 411 1395 524 1469; x_wconf 90' lang='lat' dir='ltr'>amori</span> <span class='ocrx_word' id='word_1_65' title='bbox 545 1424 586 1470; x_wconf 86' lang='lat' dir='ltr'>ac</span> <span class='ocrx_word' id='word_1_66' title='bbox 606 1400 711 1469; x_wconf 85' lang='lat' dir='ltr'>bonae</span> <span class='ocrx_word' id='word_1_67' title='bbox 731 1401 925 1475; x_wconf 87' lang='lat' dir='ltr'>voluntati:</span> 
     </span>
     <span class='ocr_line' id='line_1_11' title="bbox 37 1511 926 1609; baseline 0.004 -24"><span class='ocrx_word' id='word_1_68' title='bbox 37 1512 177 1601; x_wconf 83' lang='lat' dir='ltr'>„Nihil</span> <span class='ocrx_word' id='word_1_69' title='bbox 198 1514 313 1601; x_wconf 86' lang='lat' dir='ltr'>enim,</span> <span class='ocrx_word' id='word_1_70' title='bbox 335 1511 525 1609; x_wconf 86' lang='lat' dir='ltr'>inquito),</span> <span class='ocrx_word' id='word_1_71' title='bbox 552 1535 623 1586; x_wconf 85' lang='lat' dir='ltr'>tam</span> <span class='ocrx_word' id='word_1_72' title='bbox 637 1515 739 1587; x_wconf 80' lang='lat' dir='ltr'>facile</span> <span class='ocrx_word' id='word_1_73' title='bbox 754 1535 804 1591; x_wconf 89' lang='lat' dir='ltr'>est</span> <span class='ocrx_word' id='word_1_74' title='bbox 819 1517 926 1591; x_wconf 77' lang='lat' dir='ltr'>bonae</span> 
     </span>
     <span class='ocr_line' id='line_1_12' title="bbox 33 1631 1016 1727; baseline -0.001 -21"><span class='ocrx_word' id='word_1_75' title='bbox 33 1631 237 1718; x_wconf 88' lang='lat' dir='ltr'>voluntati,</span> <span class='ocrx_word' id='word_1_76' title='bbox 274 1657 380 1727; x_wconf 84' lang='lat' dir='ltr'>quam</span> <span class='ocrx_word' id='word_1_77' title='bbox 407 1631 485 1727; x_wconf 87' lang='lat' dir='ltr'>ipsa</span> <span class='ocrx_word' id='word_1_78' title='bbox 510 1631 595 1702; x_wconf 83' lang='lat' dir='ltr'>fibi:</span> <span class='ocrx_word' id='word_1_79' title='bbox 638 1652 673 1704; x_wconf 87' lang='lat' dir='ltr'>et</span> <span class='ocrx_word' id='word_1_80' title='bbox 702 1634 778 1704; x_wconf 86' lang='lat' dir='ltr'>haec</span> <span class='ocrx_word' id='word_1_81' title='bbox 801 1633 929 1705; x_wconf 87' lang='lat' dir='ltr'>sufficit</span> <span class='ocrx_word' id='word_1_82' title='bbox 1013 1637 1016 1643; x_wconf 76' lang='grc'><strong>’</strong></span> 
     </span>
     <span class='ocr_line' id='line_1_13' title="bbox 35 1746 931 1847; baseline 0.002 -28"><span class='ocrx_word' id='word_1_83' title='bbox 35 1746 138 1831; x_wconf 87' lang='lat' dir='ltr'>Deo.</span> <span class='ocrx_word' id='word_1_84' title='bbox 191 1747 465 1847; x_wconf 78' lang='lat' dir='ltr'>Quantumlibet</span> <span class='ocrx_word' id='word_1_85' title='bbox 489 1775 575 1845; x_wconf 80' lang='lat' dir='ltr'>ergo</span> <span class='ocrx_word' id='word_1_86' title='bbox 596 1750 715 1825; x_wconf 82' lang='lat' dir='ltr'>saeviat</span> <span class='ocrx_word' id='word_1_87' title='bbox 740 1750 804 1823; x_wconf 88' lang='lat' dir='ltr'>iste</span> <span class='ocrx_word' id='word_1_88' title='bbox 829 1776 931 1821; x_wconf 90' lang='lat' dir='ltr'>mun·</span> 
     </span>
     <span class='ocr_line' id='line_1_14' title="bbox 36 1864 926 1971; baseline 0.002 -34"><span class='ocrx_word' id='word_1_89' title='bbox 36 1864 128 1953; x_wconf 85' lang='lat' dir='ltr'>dus,</span> <span class='ocrx_word' id='word_1_90' title='bbox 144 1865 324 1940; x_wconf 88' lang='lat' dir='ltr'>verissime</span> <span class='ocrx_word' id='word_1_91' title='bbox 343 1866 459 1971; x_wconf 79' lang='lat' dir='ltr'>angeli</span> <span class='ocrx_word' id='word_1_92' title='bbox 477 1887 562 1945; x_wconf 84' lang='lat' dir='ltr'>nato</span> <span class='ocrx_word' id='word_1_93' title='bbox 579 1866 616 1937; x_wconf 90' lang='lat' dir='ltr'>in</span> <span class='ocrx_word' id='word_1_94' title='bbox 637 1893 743 1939; x_wconf 87' lang='lat' dir='ltr'>carne</span> <span class='ocrx_word' id='word_1_95' title='bbox 760 1866 926 1939; x_wconf 89' lang='lat' dir='ltr'>Domino</span> 
     </span>
     <span class='ocr_line' id='line_1_15' title="bbox 37 1986 929 2072; baseline 0.001 -16"><span class='ocrx_word' id='word_1_96' title='bbox 37 1986 309 2065; x_wconf 84' lang='lat' dir='ltr'>clamaverunt:</span> <span class='ocrx_word' id='word_1_97' title='bbox 354 1994 461 2056; x_wconf 79' lang='lat' dir='ltr'>Gloria</span> <span class='ocrx_word' id='word_1_98' title='bbox 491 1997 523 2061; x_wconf 84' lang='lat' dir='ltr'>in</span> <span class='ocrx_word' id='word_1_99' title='bbox 552 1995 677 2059; x_wconf 82' lang='lat' dir='ltr'>excelsis</span> <span class='ocrx_word' id='word_1_100' title='bbox 708 1995 797 2072; x_wconf 87' lang='lat' dir='ltr'>Deo,</span> <span class='ocrx_word' id='word_1_101' title='bbox 835 2006 865 2056; x_wconf 84' lang='lat' dir='ltr'>et</span> <span class='ocrx_word' id='word_1_102' title='bbox 895 1998 929 2057; x_wconf 87' lang='lat' dir='ltr'>in</span> 
     </span>
     <span class='ocr_line' id='line_1_16' title="bbox 35 2101 929 2203; baseline -0.002 -30"><span class='ocrx_word' id='word_1_103' title='bbox 35 2122 126 2173; x_wconf 77' lang='lat' dir='ltr'>terro</span> <span class='ocrx_word' id='word_1_104' title='bbox 141 2128 213 2203; x_wconf 76' lang='lat' dir='ltr'>pax</span> <span class='ocrx_word' id='word_1_105' title='bbox 233 2111 403 2173; x_wconf 82' lang='lat' dir='ltr'>horninibus</span> <span class='ocrx_word' id='word_1_106' title='bbox 423 2112 514 2173; x_wconf 76' lang='lat' dir='ltr'>bona·</span> <span class='ocrx_word' id='word_1_107' title='bbox 527 2111 723 2173; x_wconf 85' lang='lat' dir='ltr'>uoluntatis:</span> <span class='ocrx_word' id='word_1_108' title='bbox 749 2101 830 2197; x_wconf 88' lang='lat' dir='ltr'>quia</span> <span class='ocrx_word' id='word_1_109' title='bbox 845 2101 929 2188; x_wconf 87' lang='lat' dir='ltr'>eius,</span> 
     </span>
    </p>

    <p class='ocr_par' dir='ltr' id='par_1_4' title="bbox 30 2217 934 3474">
     <span class='ocr_line' id='line_1_17' title="bbox 36 2217 932 2317; baseline 0.001 -29"><span class='ocrx_word' id='word_1_110' title='bbox 36 2217 102 2317; x_wconf 88' lang='lat' dir='ltr'>qui</span> <span class='ocrx_word' id='word_1_111' title='bbox 123 2237 227 2290; x_wconf 87' lang='lat' dir='ltr'>natus</span> <span class='ocrx_word' id='word_1_112' title='bbox 249 2237 341 2303; x_wconf 89' lang='lat' dir='ltr'>erat,</span> <span class='ocrx_word' id='word_1_113' title='bbox 365 2219 471 2289; x_wconf 86' lang='lat' dir='ltr'>suave</span> <span class='ocrx_word' id='word_1_114' title='bbox 491 2217 612 2313; x_wconf 84' lang='lat' dir='ltr'>iugum</span> <span class='ocrx_word' id='word_1_115' title='bbox 638 2239 712 2305; x_wconf 88' lang='lat' dir='ltr'>est,</span> <span class='ocrx_word' id='word_1_116' title='bbox 736 2236 770 2290; x_wconf 88' lang='lat' dir='ltr'>et</span> <span class='ocrx_word' id='word_1_117' title='bbox 798 2218 932 2290; x_wconf 84' lang='lat' dir='ltr'>farcina</span> 
     </span>
     <span class='ocr_line' id='line_1_18' title="bbox 35 2333 929 2431; baseline -0.002 -22"><span class='ocrx_word' id='word_1_118' title='bbox 35 2333 140 2415; x_wconf 76' lang='lat' dir='ltr'>levis.</span> <span class='ocrx_word' id='word_1_119' title='bbox 218 2334 268 2406; x_wconf 89' lang='lat' dir='ltr'>Et</span> <span class='ocrx_word' id='word_1_120' title='bbox 303 2334 390 2407; x_wconf 84' lang='lat' dir='ltr'>ficut</span> <span class='ocrx_word' id='word_1_121' title='bbox 427 2333 514 2406; x_wconf 90' lang='lat' dir='ltr'>dicit</span> <span class='ocrx_word' id='word_1_122' title='bbox 554 2340 767 2431; x_wconf 85' lang='lat' dir='ltr'>apostolus:</span> <span class='ocrx_word' id='word_1_123' title='bbox 814 2347 929 2407; x_wconf 81' lang='lat' dir='ltr'>Fidelis</span> 
     </span>
     <span class='ocr_line' id='line_1_19' title="bbox 37 2456 932 2543; baseline -0.001 -22"><span class='ocrx_word' id='word_1_124' title='bbox 37 2456 149 2538; x_wconf 82' lang='lat' dir='ltr'>Deus,</span> <span class='ocrx_word' id='word_1_125' title='bbox 184 2463 240 2543; x_wconf 78' lang='lat' dir='ltr'>qui</span> <span class='ocrx_word' id='word_1_126' title='bbox 265 2479 320 2521; x_wconf 84' lang='lat' dir='ltr'>nos</span> <span class='ocrx_word' id='word_1_127' title='bbox 349 2479 409 2522; x_wconf 87' lang='lat' dir='ltr'>non</span> <span class='ocrx_word' id='word_1_128' title='bbox 425 2457 505 2535; x_wconf 82' lang='lat' dir='ltr'>finit</span> <span class='ocrx_word' id='word_1_129' title='bbox 534 2464 649 2522; x_wconf 81' lang='lat' dir='ltr'>tentori</span> <span class='ocrx_word' id='word_1_130' title='bbox 661 2460 766 2541; x_wconf 73' lang='lat' dir='ltr'>firpro</span> <span class='ocrx_word' id='word_1_131' title='bbox 791 2463 825 2521; x_wconf 83' lang='lat' dir='ltr'>iri</span> <span class='ocrx_word' id='word_1_132' title='bbox 848 2461 932 2542; x_wconf 81' lang='lat' dir='ltr'>quod</span> 
     </span>
     <span class='ocr_line' id='line_1_20' title="bbox 30 2575 932 2661; baseline -0.001 -22"><span class='ocrx_word' id='word_1_133' title='bbox 30 2596 200 2661; x_wconf 79' lang='lat' dir='ltr'>possumus</span> <span class='ocrx_word' id='word_1_134' title='bbox 217 2576 326 2657; x_wconf 83' lang='lat' dir='ltr'>ferre,</span> <span class='ocrx_word' id='word_1_135' title='bbox 352 2575 416 2655; x_wconf 76' lang='lat' dir='ltr'>seri</span> <span class='ocrx_word' id='word_1_136' title='bbox 427 2577 515 2657; x_wconf 80' lang='lat' dir='ltr'>facit</span> <span class='ocrx_word' id='word_1_137' title='bbox 539 2595 609 2638; x_wconf 83' lang='lat' dir='ltr'>rum</span> <span class='ocrx_word' id='word_1_138' title='bbox 634 2579 804 2638; x_wconf 81' lang='lat' dir='ltr'>tentatione</span> <span class='ocrx_word' id='word_1_139' title='bbox 835 2580 932 2639; x_wconf 81' lang='lat' dir='ltr'>etium</span> 
     </span>
     <span class='ocr_line' id='line_1_21' title="bbox 37 2683 928 2775; baseline -0.007 -16"><span class='ocrx_word' id='word_1_140' title='bbox 37 2699 179 2771; x_wconf 79' lang='lat' dir='ltr'>exitum,</span> <span class='ocrx_word' id='word_1_141' title='bbox 198 2706 234 2755; x_wconf 83' lang='lat' dir='ltr'>ut</span> <span class='ocrx_word' id='word_1_142' title='bbox 241 2698 395 2775; x_wconf 82' lang='lat' dir='ltr'>possimus</span> <span class='ocrx_word' id='word_1_143' title='bbox 396 2688 587 2772; x_wconf 80' lang='lat' dir='ltr'>sustinere.“</span> <span class='ocrx_word' id='word_1_144' title='bbox 610 2683 792 2754; x_wconf 88' lang='lat' dir='ltr'>Habemus</span> <span class='ocrx_word' id='word_1_145' title='bbox 812 2711 928 2755; x_wconf 84' lang='lat' dir='ltr'>exem·</span> 
     </span>
     <span class='ocr_line' id='line_1_22' title="bbox 34 2801 927 2903; baseline -0.004 -28"><span class='ocrx_word' id='word_1_146' title='bbox 34 2806 134 2903; x_wconf 81' lang='lat' dir='ltr'>plur,</span> <span class='ocrx_word' id='word_1_147' title='bbox 153 2801 335 2883; x_wconf 88' lang='lat' dir='ltr'>Christum</span> <span class='ocrx_word' id='word_1_148' title='bbox 350 2801 478 2883; x_wconf 87' lang='lat' dir='ltr'>ducem</span> <span class='ocrx_word' id='word_1_149' title='bbox 494 2821 678 2888; x_wconf 88' lang='lat' dir='ltr'>nostrum,</span> <span class='ocrx_word' id='word_1_150' title='bbox 701 2827 741 2872; x_wconf 91' lang='lat' dir='ltr'>ac</span> <span class='ocrx_word' id='word_1_151' title='bbox 749 2809 927 2897; x_wconf 74' lang='lat' dir='ltr'>pontificem</span> 
     </span>
     <span class='ocr_line' id='line_1_23' title="bbox 36 2927 934 3009; baseline -0.002 -19"><span class='ocrx_word' id='word_1_152' title='bbox 36 2939 195 2997; x_wconf 74' lang='lat' dir='ltr'>tentatum</span> <span class='ocrx_word' id='word_1_153' title='bbox 202 2947 262 3009; x_wconf 80' lang='lat' dir='ltr'>per</span> <span class='ocrx_word' id='word_1_154' title='bbox 273 2934 387 2989; x_wconf 83' lang='lat' dir='ltr'>omnio.</span> <span class='ocrx_word' id='word_1_155' title='bbox 424 2929 579 2990; x_wconf 81' lang='lat' dir='ltr'>Adeamus</span> <span class='ocrx_word' id='word_1_156' title='bbox 594 2948 663 3004; x_wconf 81' lang='lat' dir='ltr'>ergo</span> <span class='ocrx_word' id='word_1_157' title='bbox 677 2947 744 2990; x_wconf 83' lang='lat' dir='ltr'>curn</span> <span class='ocrx_word' id='word_1_158' title='bbox 752 2927 873 3004; x_wconf 80' lang='lat' dir='ltr'>fiducia</span> <span class='ocrx_word' id='word_1_159' title='bbox 890 2928 934 2989; x_wconf 82' lang='lat' dir='ltr'>od</span> 
     </span>
     <span class='ocr_line' id='line_1_24' title="bbox 36 3040 928 3125; baseline -0.007 -15"><span class='ocrx_word' id='word_1_160' title='bbox 36 3040 185 3111; x_wconf 76' lang='lat' dir='ltr'>tirrenum</span> <span class='ocrx_word' id='word_1_161' title='bbox 193 3048 320 3122; x_wconf 73' lang='lat' dir='ltr'>gratier,</span> <span class='ocrx_word' id='word_1_162' title='bbox 339 3056 374 3105; x_wconf 85' lang='lat' dir='ltr'>ut</span> <span class='ocrx_word' id='word_1_163' title='bbox 387 3046 626 3105; x_wconf 79' lang='lat' dir='ltr'>misericordiam</span> <span class='ocrx_word' id='word_1_164' title='bbox 641 3064 879 3125; x_wconf 80' lang='lat' dir='ltr'>consequamur,</span> <span class='ocrx_word' id='word_1_165' title='bbox 898 3055 928 3104; x_wconf 80' lang='lat' dir='ltr'>rt</span> 
     </span>
     <span class='ocr_line' id='line_1_25' title="bbox 33 3147 928 3241; baseline -0.002 -18"><span class='ocrx_word' id='word_1_166' title='bbox 33 3164 177 3239; x_wconf 79' lang='lat' dir='ltr'>gratiam</span> <span class='ocrx_word' id='word_1_167' title='bbox 189 3163 384 3223; x_wconf 79' lang='lat' dir='ltr'>irmeniomus</span> <span class='ocrx_word' id='word_1_168' title='bbox 396 3164 427 3222; x_wconf 88' lang='lat' dir='ltr'>in</span> <span class='ocrx_word' id='word_1_169' title='bbox 440 3162 561 3220; x_wconf 78' lang='lat' dir='ltr'>orexilr&#39;o</span> <span class='ocrx_word' id='word_1_170' title='bbox 574 3173 744 3241; x_wconf 79' lang='lat' dir='ltr'>opportuno</span> <span class='ocrx_word' id='word_1_171' title='bbox 759 3147 805 3237; x_wconf 80' lang='lat' dir='ltr'>i).</span> <span class='ocrx_word' id='word_1_172' title='bbox 826 3149 881 3221; x_wconf 86' lang='lat' dir='ltr'>Sic</span> <span class='ocrx_word' id='word_1_173' title='bbox 897 3149 928 3221; x_wconf 84' lang='lat' dir='ltr'>S.</span> 
     </span>
     <span class='ocr_line' id='line_1_26' title="bbox 36 3263 927 3363; baseline -0.009 -22"><span class='ocrx_word' id='word_1_174' title='bbox 36 3266 118 3351; x_wconf 84' lang='lat' dir='ltr'>Leo</span> <span class='ocrx_word' id='word_1_175' title='bbox 132 3268 194 3339; x_wconf 88' lang='grc' dir='ltr'>Μ.</span> <span class='ocrx_word' id='word_1_176' title='bbox 221 3320 244 3356; x_wconf 82' lang='lat'>„</span> <span class='ocrx_word' id='word_1_177' title='bbox 255 3267 372 3360; x_wconf 79' lang='lat' dir='ltr'>Quia,</span> <span class='ocrx_word' id='word_1_178' title='bbox 394 3292 461 3337; x_wconf 92' lang='lat' dir='ltr'>nos</span> <span class='ocrx_word' id='word_1_179' title='bbox 480 3263 714 3355; x_wconf 83' lang='lat' dir='ltr'>hortatore),</span> <span class='ocrx_word' id='word_1_180' title='bbox 738 3266 824 3337; x_wconf 76' lang='lat' dir='ltr'>stcut</span> <span class='ocrx_word' id='word_1_181' title='bbox 844 3292 927 3363; x_wconf 43' lang='lat' dir='ltr'>apos</span> 
     </span>
     <span class='ocr_line' id='line_1_27' title="bbox 38 3386 924 3474; baseline -0.015 -13"><span class='ocrx_word' id='word_1_182' title='bbox 38 3388 156 3461; x_wconf 66' lang='lat' dir='ltr'>stolus</span> <span class='ocrx_word' id='word_1_183' title='bbox 176 3386 242 3457; x_wconf 82' lang='lat' dir='ltr'>ait:</span> <span class='ocrx_word' id='word_1_184' title='bbox 266 3396 299 3455; x_wconf 86' lang='lat' dir='ltr'>Si</span> <span class='ocrx_word' id='word_1_185' title='bbox 322 3396 545 3474; x_wconf 77' lang='lat' dir='ltr'>compotimur,</span> <span class='ocrx_word' id='word_1_186' title='bbox 567 3406 597 3454; x_wconf 86' lang='lat' dir='ltr'>et</span> <span class='ocrx_word' id='word_1_187' title='bbox 615 3393 924 3469; x_wconf 75' lang='lat' dir='ltr'>conglorificabimur,</span> 
     </span>
    </p>

    <p class='ocr_par' dir='ltr' id='par_1_5' title="bbox 36 3498 931 3712">
     <span class='ocr_line' id='line_1_28' title="bbox 36 3498 930 3597; baseline -0.009 -22"><span class='ocrx_word' id='word_1_188' title='bbox 36 3500 99 3575; x_wconf 81' lang='lat' dir='ltr'>iila</span> <span class='ocrx_word' id='word_1_189' title='bbox 121 3501 228 3583; x_wconf 85' lang='lat' dir='ltr'>nobis</span> <span class='ocrx_word' id='word_1_190' title='bbox 252 3502 424 3575; x_wconf 84' lang='lat' dir='ltr'>currenda</span> <span class='ocrx_word' id='word_1_191' title='bbox 447 3520 499 3573; x_wconf 87' lang='lat' dir='ltr'>est</span> <span class='ocrx_word' id='word_1_192' title='bbox 521 3500 596 3588; x_wconf 87' lang='lat' dir='ltr'>via,</span> <span class='ocrx_word' id='word_1_193' title='bbox 621 3528 724 3597; x_wconf 87' lang='lat' dir='ltr'>quarn</span> <span class='ocrx_word' id='word_1_194' title='bbox 749 3502 824 3595; x_wconf 85' lang='lat' dir='ltr'>ipse</span> <span class='ocrx_word' id='word_1_195' title='bbox 851 3498 930 3567; x_wconf 92' lang='lat' dir='ltr'>Do·</span> 
     </span>
     <span class='ocr_line' id='line_1_29' title="bbox 39 3616 931 3712; baseline -0.011 -21"><span class='ocrx_word' id='word_1_196' title='bbox 39 3620 160 3692; x_wconf 88' lang='lat' dir='ltr'>minus</span> <span class='ocrx_word' id='word_1_197' title='bbox 182 3646 219 3690; x_wconf 83' lang='lat' dir='ltr'>se</span> <span class='ocrx_word' id='word_1_198' title='bbox 245 3646 319 3693; x_wconf 87' lang='lat' dir='ltr'>esse</span> <span class='ocrx_word' id='word_1_199' title='bbox 341 3640 485 3691; x_wconf 82' lang='lat' dir='ltr'>testatus</span> <span class='ocrx_word' id='word_1_200' title='bbox 507 3642 578 3704; x_wconf 88' lang='lat' dir='ltr'>est,</span> <span class='ocrx_word' id='word_1_201' title='bbox 608 3619 668 3712; x_wconf 79' lang='lat' dir='ltr'>qui</span> <span class='ocrx_word' id='word_1_202' title='bbox 695 3617 821 3699; x_wconf 88' lang='lat' dir='ltr'>nobis,</span> <span class='ocrx_word' id='word_1_203' title='bbox 852 3616 931 3685; x_wconf 64' lang='lat' dir='ltr'>nul÷</span> 
     </span>
    </p>
   </div>
   <div class='ocr_carea' id='block_1_2' title="bbox 39 3732 929 3834">
    <p class='ocr_par' dir='ltr' id='par_1_6' title="bbox 39 3732 929 3834">
     <span class='ocr_line' id='line_1_30' title="bbox 39 3732 929 3834; baseline -0.004 -28"><span class='ocrx_word' id='word_1_204' title='bbox 39 3736 84 3809; x_wconf 82' lang='lat' dir='ltr'>tis</span> <span class='ocrx_word' id='word_1_205' title='bbox 104 3761 258 3834; x_wconf 85' lang='lat' dir='ltr'>operum</span> <span class='ocrx_word' id='word_1_206' title='bbox 278 3736 407 3808; x_wconf 84' lang='lat' dir='ltr'>meritis</span> <span class='ocrx_word' id='word_1_207' title='bbox 432 3737 717 3832; x_wconf 83' lang='lat' dir='ltr'>suffragantibus,</span> <span class='ocrx_word' id='word_1_208' title='bbox 748 3752 782 3803; x_wconf 82' lang='lat' dir='ltr'>ct</span> <span class='ocrx_word' id='word_1_209' title='bbox 814 3732 929 3811; x_wconf 77' lang='lat' dir='ltr'>Sacra·</span> 
     </span>
    </p>
   </div>
   <div class='ocr_carea' id='block_1_3' title="bbox 80 3919 765 4080">
    <p class='ocr_par' dir='ltr' id='par_1_7' title="bbox 80 3919 765 4080">
     <span class='ocr_line' id='line_1_31' title="bbox 80 3919 705 3994; baseline -0.01 -16"><span class='ocrx_word' id='word_1_210' title='bbox 80 3919 112 3994; x_wconf 74' lang='lat' dir='ltr'>o)</span> <span class='ocrx_word' id='word_1_211' title='bbox 135 3919 174 3976; x_wconf 78' lang='lat' dir='ltr'>la.</span> <span class='ocrx_word' id='word_1_212' title='bbox 198 3934 254 3988; x_wconf 78' lang='lat' dir='ltr'>pag.</span> <span class='ocrx_word' id='word_1_213' title='bbox 280 3930 339 3987; x_wconf 74' lang='lat'>384.</span> <span class='ocrx_word' id='word_1_214' title='bbox 429 3919 458 3991; x_wconf 77' lang='lat' dir='ltr'>i)</span> <span class='ocrx_word' id='word_1_215' title='bbox 482 3920 560 3976; x_wconf 75' lang='lat' dir='ltr'>Heir.</span> <span class='ocrx_word' id='word_1_216' title='bbox 586 3919 639 3973; x_wconf 85' lang='lat' dir='ltr'>IV.</span> <span class='ocrx_word' id='word_1_217' title='bbox 665 3933 705 3982; x_wconf 81' lang='grc' dir='ltr'>ις.</span> 
     </span>
     <span class='ocr_line' id='line_1_32' title="bbox 129 4002 765 4080; baseline -0.005 -21"><span class='ocrx_word' id='word_1_218' title='bbox 129 4005 159 4080; x_wconf 82' lang='lat' dir='ltr'>c)</span> <span class='ocrx_word' id='word_1_219' title='bbox 181 4005 262 4065; x_wconf 74' lang='lat' dir='ltr'>Sum,</span> <span class='ocrx_word' id='word_1_220' title='bbox 287 4002 424 4062; x_wconf 81' lang='lat' dir='ltr'><em>XXXIV.</em></span> <span class='ocrx_word' id='word_1_221' title='bbox 447 4010 475 4060; x_wconf 83' lang='lat' dir='ltr'>in</span> <span class='ocrx_word' id='word_1_222' title='bbox 497 4005 587 4074; x_wconf 56' lang='lat' dir='ltr'>areph.</span> <span class='ocrx_word' id='word_1_223' title='bbox 615 4005 648 4069; x_wconf 78' lang='lat' dir='ltr'>V.</span> <span class='ocrx_word' id='word_1_224' title='bbox 671 4017 696 4072; x_wconf 76' lang='lat' dir='ltr'>p.</span> <span class='ocrx_word' id='word_1_225' title='bbox 723 4014 765 4068; x_wconf 71' lang='lat'>34.</span> 
     </span>
    </p>
   </div>
   <div class='ocr_carea' id='block_1_4' title="bbox 0 0 1231 4566">
    <p class='ocr_par' dir='ltr' id='par_1_8' title="bbox 0 0 1231 4566">
     <span class='ocr_line' id='line_1_33' title="bbox 0 0 1231 4566; baseline 0 0"><span class='ocrx_word' id='word_1_226' title='bbox 0 0 1231 4566; x_wconf 95' lang='lat' dir='ltr'> </span> 
     </span>
    </p>
   </div>
  </div>
 </body>
</html>
