2438 4566
477 330 480 340 Ι
556 292 802 344 *—

84 453 219 519 101⁸st
241 447 354 529 verita
374 450 406 525 S.
427 447 582 550 Cyrillus
599 445 706 524 Alex.
747 447 847 537 „Hic
869 445 985 538 enim,
1007 445 1111 549 aito),

102 574 217 634 valt.
243 571 521 645 animadvertere
534 591 655 665 operae
672 566 826 665 pretium
845 585 917 656 est,
941 567 1110 640 Christum

88 687 232 759 &W
245 715 323 769 non
345 687 461 761 dicere
482 711 519 758 se
534 685 709 757 duntaxat
724 683 761 756 in
780 683 885 757 nobis
901 686 1062 758 futurum
1075 687 1112 775 le·

245 805 404 881 cundum
427 803 636 877 relationem
663 802 853 898 quamdam
882 802 1112 890 affectualem,

242 924 307 996 {ed
334 943 370 996 et
393 948 460 1025 per
485 919 792 1018 participationem
820 923 1028 992 naturalem.
1073 917 1112 1023 lit

245 1039 340 1113 enim
359 1039 387 1112 si
404 1038 481 1135 quis
500 1063 616 1111 ceram
638 1059 726 1108 cerae
744 1035 906 1108 indutam
926 1035 1012 1132 igne
1030 1036 1112 1108 fimul

191 1201 193 1206 ·
243 1155 452 1250 liquaverit,
479 1178 592 1225 unum
618 1153 706 1249 quid
729 1180 775 1225 ex
800 1153 978 1228 ambobus
1004 1151 1110 1240 efficit,

223 1268 293 1376 'ita
312 1297 376 1369 per
397 1269 558 1368 corporis
582 1268 738 1358 Christi,
767 1290 801 1343 et
825 1270 973 1367 pretiosi
996 1268 1113 1366 sangui·
1151 1346 1154 1369 Ι

224 1387 299 1491 ²¹³⁵.
324 1385 630 1485 participationem
661 1387 735 1484 ipse
762 1387 909 1484 quidem
934 1387 986 1459 in*
1001 1386 1112 1490 nobis,
1152 1402 1154 1411 '

243 1531 313 1579 nos
336 1523 453 1580 autem
475 1505 514 1577 in
538 1530 583 1576 eo
604 1504 704 1577 srmul
727 1503 878 1578 unimur.
927 1503 1011 1578 Nec
1033 1502 1113 1577 enim

243 1622 344 1697 aliter
377 1621 551 1696 vivificari
582 1640 728 1718 potest,
771 1621 879 1717 quod·
910 1642 1036 1695 natura
1064 1623 1114 1693 lua
1145 1672 1146 1677 κ

244 1737 498 1837 corruptibile,
523 1722 633 1834 quam
660 1737 891 1835 corporaliter
919 1739 1057 1811 unitum
1079 1737 1112 1810 fit

246 1854 392 1952 corpori
414 1854 510 1943 eius,
538 1854 599 1950 qui
627 1856 824 1928 secundum
841 1874 1009 1954 naturam
1031 1856 1114 1928 suam

226 1971 409 2064 ⁴estvita,
435 1972 508 2044 hoc
532 1991 585 2044 est
604 1970 833 2067 unigeniti.“-
871 1971 1117 2045 Altius0adhuc

242 2088 499 2184 lublimiusque
525 2089 640 2176 effert,
668 2115 708 2162 ao
733 2089 832 2164 ducit
853 2090 1115 2188 participantem

224 2208 368 2295 ,divina
388 2205 550 2302 corporis
573 2224 608 2277 et
627 2204 805 2302 sanguinis
826 2206 981 2280 Domini
1002 2227 1119 2307 myste-

242 2324 294 2396 ria
321 2322 546 2420 cognominis
568 2322 600 2394 S.
624 2323 779 2422 Cyrillus
801 2325 980 2400 Hierosol.
1000 2326 1037 2399 in
1058 2325 1117 2398 Ca·

168 2516 171 2522 ,
242 2436 376 2516 techesi
398 2440 641 2540 mystagogica
663 2461 788 2539 quarta
810 2469 844 2515 n.
870 2467 902 2532 3.
951 2494 974 2531 „
988 2442 1054 2532 Ut,
1072 2442 1119 2535 in·

242 2558 342 2658 quit,
384 2585 466 2633 cum
494 2559 657 2633 sumseris
689 2585 819 2659 corpus
855 2578 890 2633 et
920 2561 1117 2658 sanguinem

244 2676 403 2765 Christi,
441 2702 711 2773 concorporeus
745 2703 780 2751 er
813 2658 1029 2780 consanguis
1057 2674 1118 2775 ipsi

158 2866 164 2899 ·.
244 2792 412 2866 efficiaris.
462 2793 529 2866 'Sic
553 2793 684 2865 etenim
707 2793 904 2867 Christiferi
926 2794 1122 2881 efficimur,

164 2906 167 2917 ⁸
241 2910 433 2984 distributo
460 2907 500 2978 in
526 2908 687 2982 membra
715 2931 838 2983 nostra
869 2938 1024 3010 corpore
1050 2911 1120 3010 eius

242 3049 279 3102 et
299 3025 480 3124 languine.
532 3024 589 3099 Sic
614 3025 714 3101 iuxta
741 3019 888 3101 beatum
909 3029 1056 3104 Petrum
1077 3029 1123 3118 di·

226 3146 335 3226 *vinae
365 3145 682 3234 fimuseonsortes
712 3167 853 3220 naturae.
869 3150 892 3189 ‘⁴
958 3147 1010 3221 Et
1045 3167 1122 3221 ante

227 3265 309 3356 lhos
327 3260 663 3361 S.1renaeusEpiso.
682 3282 717 3336 et
733 3264 899 3361 Martyr:
927 3247 1123 3359 „Quando

242 3406 349 3478 ergo,
377 3379 426 3452 ait
449 3376 507 3469 b),
534 3397 570 3452 et
592 3379 724 3455 mixtus
746 3380 838 3454 calix
863 3400 900 3453 et
920 3383 1034 3456 factus
1054 3383 1122 3478 (al.

238 3491 407 3587 fractus)
423 3494 523 3594 panis
544 3497 696 3596 percipit
715 3497 867 3572 verbum
888 3497 989 3588 Dei,
1021 3518 1063 3574 et
1085 3500 1124 3576 fit

213 3612 461 3691 ,Eucharistiae
489 3612 676 3709 sanguinis
698 3635 734 3689 et
763 3614 925 3712 corporis
958 3614 1122 3705 Christi,

239 3755 285 3805 ex
312 3731 441 3826 quibus
465 3751 635 3828 augetur,
664 3751 699 3804 et
728 3732 888 3807 consistit
914 3735 1031 3807 carnis
1059 3745 1121 3808 'no-

237 3869 314 3924 strtc
346 3849 562 3938 substantia3
597 3851 784 3948 quomodo
815 3877 958 3924 carnem
989 3860 1122 3952 negant

280 4000 311 4073 a)
332 3998 388 4055 rit.
413 3997 448 4059 x
472 4001 500 4054 n
524 4000 602 4067 jon.
624 4018 647 4056 ο.
672 4016 698 4062 2.
728 4001 760 4061 rt
782 4002 849 4072 11⁷„
856 4016 884 4073 p.
912 3978 973 4066 ati.
1034 3999 1042 4004 '

328 4084 357 4158 b)
378 4081 434 4146 Lib.
462 4082 495 4141 V.
517 4094 603 4142 contra
620 4086 709 4162 tieret.
731 4106 754 4149 c.
778 4087 821 4149 11.
837 4096 868 4144 u·
892 4100 917 4156 a.
940 4102 968 4159 p.
995 4102 1057 4156 294·
