2438 4566
631 343 862 371 ,ιη’-ιι...-

173 265 180 285 i
289 314 384 397 '164

165 472 279 534 clear
307 492 391 536 mum
411 491 525 549 meam,
553 469 630 531 unde
646 471 742 531 exivi.
792 470 834 531 Et
853 489 920 532 cum
938 473 1080 551 venerit,'
1100 462 1193 540 inue-¹

63 658 70 686 Ι
194 591 252 647 LX·
308 595 444 652 niteam
462 600 624 650 vacantem
635 585 741 666 scopis
757 588 957 666 mundatum,
982 603 1013 650 et
1029 604 1174 656 ornatum.

155 714 296 773 VW
313 707 394 768 Tunc
426 707 543 781 ondit,
584 715 615 765 et
646 705 778 764 assumit
796 702 916 784 septem
950 707 1029 768 alios
1048 707 1173 789 spiritus

220 816 224 828 ’
296 824 423 906 secum,
451 824 608 904 nequiores
634 816 687 896 se',
714 832 745 882 et
770 822 920 883 intrantes
949 823 1097 887 hubitant
1123 822 1176 887 r‘lu':

309 954 340 1004 et
369 939 451 1017 fiunt
482 931 652 1000 novissimo
679 937 809 998 nominis
834 939 916 1001 illius
934 945 1049 1020 peiora
1074 945 1176 1023 priori-

305 1061 369 1121 bus.
412 1057 459 1118 Sr'c
483 1059 542 1118 erit
565 1067 596 1116 et
612 1057 800 1130 generationi
821 1055 892 1116 huic
909 1061 1058 1137 pessima.
1095 1049 1174 1120 Prae-

304 1164 445 1236 nuntiat
473 1163 532 1236 hic
563 1160 724 1233 Christus
754 1161 852 1256 genti
885 1162 1041 1237 Judaicae
1074 1167 1174 1239 omni-

305 1282 451 1354 modum
477 1279 702 1352 traditionem
728 1279 873 1367 satanae,
901 1281 1173 1380 servitutemque¹

304 1425 412 1496 quam
435 1416 552 1469 essent
570 1395 716 1467 subituri
734 1394 921 1469 iustissimo
943 1395 1018 1470 Dei
1038 1399 1171 1486 iudicio
1207 1360 1211 1493 1

305 1517 369 1612 qui
395 1536 586 1612 postquam
616 1511 719 1583 toties
747 1516 863 1585 essent
887 1538 906 1584 a
932 1512 1020 1586 Deo
1052 1516 1170 1614 erepti,
1204 1516 1211 1631 1

305 1634 344 1706 in
370 1632 584 1730 peculiarem
614 1633 790 1726 populum
818 1629 936 1719 electi,
965 1658 1010 1704 eo
1040 1635 1170 1706 demum
1202 1634 1211 1767 1

305 1749 534 1851 perversitate
560 1749 641 1817 sunt
666 1747 844 1842 prolapsi,
879 1768 919 1821 ut
948 1749 1023 1822 eius
1053 1778 1168 1849 opera,
1203 1770 1211 1845 ζ

305 1869 366 1964 qui
397 1869 589 1937 advenerat
614 1863 756 1958 alligare
779 1865 936 1953 fortem,
972 1887 1008 1938 et
1035 1869 1167 1940 domurn
1203 1850 1211 1965 1

137 1977 140 1983 ’
304 1985 398 2056 illius
417 1982 610 2077 'diripere,
655 1979 932 2076 ipsikdaemoni,
976 1983 1165 2058 Beelzebub
1194 1974 1211 2147 1

303 2101 454 2202 principi
481 2096 736 2170 daemoniorum
761 2098 977 2186 tribuerent,
1005 2123 1110 2198 atque
1130 2101 1165 2172 fic

303 2239 487 2318 peccatum
516 2213 553 2288 in
588 2214 752 2310 Spiritum
786 2216 817 2286 S.
850 2221 1073 2313 complerent
1100 2220 1165 2289 irre·
1202 2196 1211 2325 1

303 2335 494 2421 missibile‚
530 2354 570 2405 ut
603 2334 712 2429 p'aulo
748 2354 828 2405 ante
858 2335 1010 2421 habetur
1043 2336 1163 2407 Matth.

303 2455 388 2527 XII.-
417 2478 473 2543 31.
506 2462 597 2523 Omne
611 2473 795 2542 peccatum,
817 2473 848 2523 et
868 2461 1059 2541 blasphemia
1079 2463 1165 2525 remit·
1205 2444 1211 2509 *s

304 2595 387 2647 tetur
412 2576 605 2655 horninibus,
621 2577 758 2659 spiritus
783 2590 892 2639 autem,
908 2576 1099 2658 blasphemia
1120 2593 1165 2639 non
1195 2515 1211 2641 i

302 2702 486 2762 remittetur.
531 2687 715 2756 Generalis
736 2704 787 2755 est
804 2684 994 2773 sententia,
1017 2687 1074 2759 cui
1094 2711 1166 2782 quo·
1205 2668 1211 2756 i

300 2803 414 2876 modo
449 2800 640 2873 Christiani
670 2803 756 2871 fiant
782 2801 958 2888 obnoxii,
991 2805 1104 2876 modo
1131 2823 1166 2875 ex
1202 2818 1211 2895 :j

214 2965 217 2968 ⁴
300 2921 332 2992 S.
358 2920 464 2990 Petro
489 2913 698 2988 audivimus.
759 2916 871 2989 Plana
894 2946 982 2993 vero
1015 2942 1051 2994 et
1077 2946 1167 3020 expe·
1200 2930 1211 3001 l

297 3033 373 3108 dita
407 3054 459 3107 est
495 3032 688 3132 applicatio
725 3035 881 3132 exempli
916 3037 960 3109 de
991 3002 1211 3147 immundo}

296 3154 418 3252 spiritu
451 3153 486 3225 in
519 3152 666 3225 domum
696 3156 790 3226 luam
822 3175 1045 3245 revertente,
1074 3180 1167 3254 qnam
1197 3156 1211 3233 ,Ξ

296 3290 504 3358 vacantem,
543 3269 660 3366 scopis
696 3270 901 3344 mundatam
943 3291 985 3343 et
1018 3293 1168 3348 ornatam
1199 3248 1209 3339 i

293 3388 443 3487 reperit,
471 3413 615 3484 pompae
645 3385 834 3476 nimirum,
870 3410 904 3460 et
936 3392 1106 3488 operibus
1130 3394 1170 3465 la·
1198 3407 1211 3464 t

183 3509 186 3518 '
292 3527 384 3580 tanae
410 3506 446 3576 in
469 3501 699 3599 corruptione
720 3504 856 3592 carnis,
884 3527 918 3578 et
945 3509 1169 3584 fascinatione
1195 3534 1211 3588 se

289 3622 440 3710 mundi,
467 3621 596 3718 quibus
618 3621 655 3691 in
674 3622 851 3719 baptismo
875 3625 973 3699 lrmul
995 3627 1172 3703 renuncia·
1196 3630 1203 3705 ξ

287 3740 403 3815 vimus
431 3737 525 3812 carni
536 3745 551 3827 ,’
574 3738 731 3828 mundo,
759 3762 794 3812 et
813 3741 987 3830 daemoni,
1016 3764 1053 3818 et
1073 3744 1171 3820 toties
1199 3788 1211 3836 3.

285 3856 477 3957 praesertim
508 3857 546 3925 in
581 3858 798 3928 sacramento
825 3859 1046 3953 poenitentiae
1077 3862 1171 3938 reno·
1201 3908 1208 3956 t

283 3972 449 4052 vavimus
469 3972 738 4071 propositum,
778 3974 909 4050 iterum
942 3979 1170 4060 nihilominus
1201 4031 1207 4066 r
