2438 4566
298 283 377 355 106
613 266 849 305 ''¹''—

151 428 269 494 ΕΔΜ
292 428 450 505 dimittis
517 424 647 523 cogita
678 427 833 524 primum
863 423 903 497 in
936 442 1061 500 mente
1090 439 1170 527 ως

152 547 266 609 XLVH·
291 576 337 622 an
366 546 537 632 dimittas,
572 572 618 616 ne
643 543 836 618 inveniaris
860 545 1021 616 mendax
1039 569 1168 617 eoram

132 662 401 753 aneo,
428 664 514 736 dum
543 661 652 750 dicis,
678 662 841 750 dimitto,
867 688 944 736 non
969 660 1167 761 dimittens:

288 809 367 856 non
405 799 458 853 est
489 777 596 852 Deus
634 798 675 852 ut
720 779 860 867 homo,
899 779 1015 876 qualis
1046 804 1087 851 es
1110 796 1167 874 tu,

284 921 327 978 ut
352 896 528 970 mentiaris
555 896 632 972 ei.“
699 896 731 969 S.
758 897 858 970 ioan.
887 896 1169 993 Chrysostomus

282 1015 322 1092 id
351 1013 523 1109 imprimis
552 1012 625 1108 agit
651 1011 690 1084 in
715 1013 751 1084 h.
780 1016 803 1086 1.
833 1033 874 1086 ut
898 1012 1065 1087 divinam
1091 1038 1171 1109 erga

286 1159 354 1207 nos
374 1131 451 1203 Dei
474 1129 696 1203 clementiam
720 1149 756 1202 et
776 1130 944 1227 pietatem
967 1131 1021 1203 ob
1046 1132 1168 1215 oculos

284 1269 422 1348 ponat,
451 1273 559 1343 quam
584 1245 691 1319 nobis
716 1246 803 1345 ipsis
828 1249 895 1320 hac
921 1268 1049 1327 nostra
1069 1250 1169 1347 spon·

283 1368 386 1442 sione
419 1364 578 1438 exhibet.
640 1362 794 1453 „Nam,
829 1364 948 1460 inquit
980 1363 1051 1456 a),
1091 1390 1169 1439 cum

283 1502 411 1583 posset
432 1481 504 1557 fine
527 1483 594 1554 hac
617 1481 734 1578 posita
756 1480 1169 1557 conditione-omniad-

284 1602 324 1674 bi
349 1619 494 1699 peccata
519 1597 750 1685 condonare3
776 1603 854 1672 vult
878 1617 998 1671 tamen
1024 1619 1062 1673 te
1087 1599 1169 1673 inde

286 1718 393 1791 etium
423 1713 641 1788 beneficium
671 1715 856 1813 accipere,
891 1717 989 1789 mille
1016 1716 1087 1790 tibi
1109 1742 1169 1791 un·

285 1835 395 1930 dique
429 1829 711 1906 mansuetudinis
744 1852 781 1905 et
812 1832 1040 1906 humanitatis
1073 1860 1168 1910 occa·

284 1952 407 2033 siones
428 1946 646 2034 ministrans,
671 1968 707 2020 et
726 1951 826 2044 quod
851 1952 889 2022 in
915 1972 949 2029 te
971 1951 1167 2025 belluinum

251 2056 340 2143 'est
370 2067 580 2154 eliminans,
615 2065 702 2136 iram
730 2067 967 2163 extinguens,
1007 2088 1044 2141 ot
1069 2068 1167 2142 undi-

285 2213 360 2283 que
390 2204 424 2257 te
454 2182 617 2256 membro
649 2199 713 2256 tuo
745 2185 1008 2280 conglutinans.
1070 2185 1166 2280 Quid

286 2330 374 2400 ergo
399 2302 518 2373 dicere
539 2298 681 2398 possis,
708 2326 753 2374 an
779 2321 813 2373 te-
834 2302 916 2373 maii
940 2302 1126 2401 quidpiam
1146 2328 1167 2376 a

284 2410 458 2520 proximo
484 2418 613 2492 iniuste
637 2444 782 2516 passum
806 2421 912 2493 esse?
962 2419 1053 2496 Haec
1073 2420 1167 2518 quip-

285 2567 334 2639 pe
360 2541 442 2612 sunt
467 2555 637 2634 peccata3
673 2563 755 2610 nam
784 2535 813 2608 si
840 2537 952 2624 iuste,
982 2557 1168 2635 peccatum

286 2659 425 2729 nullum
448 2674 511 2727 est.
562 2650 616 2727 At
638 2675 676 2728 tu
698 2655 819 2726 talium
838 2681 920 2729 vere
939 2678 1168 2750 peccatorum

284 2772 427 2844 veniam
452 2769 701 2867 impetraturus
725 2773 885 2860 accedis,
912 2774 987 2844 imo
1004 2793 1041 2846 et
1056 2777 1167 2849 multo

286 2888 486 2961 maiorum:
515 2905 551 2957 et
579 2903 661 2955 ante
686 2888 854 2977 veniam,
884 2916 959 2962 non
983 2890 1169 2964 minimam

285 3021 498 3079 consecutus
513 3026 549 3073 es
566 3000 732 3098 gratiam,
757 3006 908 3080 edoctus
927 3025 962 3079 te
975 3008 1171 3082 humanam

280 3123 418 3199 habere
445 3119 626 3206 animam,
663 3141 698 3194 et
724 3123 768 3194 ad
799 3150 943 3196 omnem
968 3146 1167 3199 mansuetu·
1208 3156 1211 3165 ·

285 3241 409 3344 dinem
437 3240 628 3312 institutus.
685 3237 775 3313 Post
797 3242 873 3313 haec
893 3267 1010 3329 vern,
1038 3267 1168 3341 magna

282 3359 392 3432 etiam
413 3356 478 3430 tibi
496 3382 632 3435 merces
645 3356 721 3431 illic
742 3360 926 3475 recoodita
948 3361 1035 3449 erit,
1066 3360 1170 3458 quod

282 3480 390 3560 nullae
424 3501 444 3558 a
475 3492 509 3547 te
539 3494 770 3571 peccatorum
800 3475 954 3550 rationes
984 3483 1170 3575 postulen-

277 3610 348 3664 tur.
413 3592 501 3685 Quo
533 3591 640 3688 igitur
671 3592 770 3689 digni
801 3594 974 3692 supplicio
1007 3596 1167 3686 erimus,

277 3708 308 3781 si
336 3710 395 3782 tali
419 3731 566 3806 accepta
597 3728 797 3806 potestate,
830 3715 977 3811 saJutem
1007 3736 1169 3788 nostram

240 3832 243 3839 '
280 3827 506 3926 prodamus?
558 3827 758 3927 Quomodo
788 3849 907 3901 autem
932 3830 970 3900 in
997 3818 1170 3907 aliis⁶nos

323 3977 355 4050 ι)
375 3975 451 4040 ton.
474 3975 573 4041 XIX.
596 3997 623 4041 s.
647 3984 673 4041 6.
699 3979 731 4043 T.
758 3979 824 4044 Vn.
846 3995 875 4055 t·
897 3993 959 4052 253·
