<?xml version="1.0" encoding="UTF-8"?>
<!DOCTYPE html PUBLIC "-//W3C//DTD XHTML 1.0 Transitional//EN"
    "http://www.w3.org/TR/xhtml1/DTD/xhtml1-transitional.dtd">
<html xmlns="http://www.w3.org/1999/xhtml" xml:lang="en" lang="en">
 <head>
  <title>
</title>
<meta http-equiv="Content-Type" content="text/html;charset=utf-8" />
  <meta name='ocr-system' content='tesseract 3.04.00' />
  <meta name='ocr-capabilities' content='ocr_page ocr_carea ocr_par ocr_line ocrx_word'/>
</head>
<body>
  <div class='ocr_page' id='page_1' title='image "./desublimiinevan02gerbgoog_0298.png"; bbox 0 0 2438 4566; ppageno 0'>
   <div class='ocr_carea' id='block_1_1' title="bbox 246 294 319 382">
    <p class='ocr_par' dir='ltr' id='par_1_1' title="bbox 246 294 319 382">
     <span class='ocr_line' id='line_1_1' title="bbox 246 294 319 382; baseline 0.014 -19"><span class='ocrx_word' id='word_1_1' title='bbox 246 294 319 382; x_wconf 73' lang='lat'><em>298</em></span> 
     </span>
    </p>
   </div>
   <div class='ocr_carea' id='block_1_2' title="bbox 90 408 1113 2048">
    <p class='ocr_par' dir='ltr' id='par_1_2' title="bbox 90 408 1105 888">
     <span class='ocr_line' id='line_1_2' title="bbox 98 408 1104 539; baseline 0.01 -32"><span class='ocrx_word' id='word_1_2' title='bbox 98 408 218 495; x_wconf 60' lang='lat' dir='ltr'><em>&#39;eunt</em></span> <span class='ocrx_word' id='word_1_3' title='bbox 246 458 342 523; x_wconf 83' lang='lat' dir='ltr'><em>tem,</em></span> <span class='ocrx_word' id='word_1_4' title='bbox 369 436 490 509; x_wconf 86' lang='lat' dir='ltr'>mitem</span> <span class='ocrx_word' id='word_1_5' title='bbox 515 454 691 532; x_wconf 87' lang='lat' dir='ltr'>pastorem</span> <span class='ocrx_word' id='word_1_6' title='bbox 714 460 839 507; x_wconf 89' lang='lat' dir='ltr'>verum</span> <span class='ocrx_word' id='word_1_7' title='bbox 864 435 903 508; x_wconf 89' lang='lat' dir='ltr'><em>in</em></span> <span class='ocrx_word' id='word_1_8' title='bbox 933 442 1013 537; x_wconf 84' lang='lat' dir='ltr'>lege</span> <span class='ocrx_word' id='word_1_9' title='bbox 1038 468 1104 539; x_wconf 88' lang='lat' dir='ltr'><em>pro·</em></span> 
     </span>
     <span class='ocr_line' id='line_1_3' title="bbox 94 550 1105 642; baseline 0.011 -19"><span class='ocrx_word' id='word_1_10' title='bbox 94 550 234 612; x_wconf 67' lang='lat' dir='ltr'><strong>LXXXV·</strong></span> <span class='ocrx_word' id='word_1_11' title='bbox 248 557 408 642; x_wconf 87' lang='lat' dir='ltr'><strong>missum,</strong></span> <span class='ocrx_word' id='word_1_12' title='bbox 437 556 522 625; x_wconf 81' lang='lat' dir='ltr'><em>ficut</em></span> <span class='ocrx_word' id='word_1_13' title='bbox 542 578 648 623; x_wconf 87' lang='lat' dir='ltr'><em>ovem</em></span> <span class='ocrx_word' id='word_1_14' title='bbox 670 553 715 623; x_wconf 85' lang='lat' dir='ltr'><em>ad</em></span> <span class='ocrx_word' id='word_1_15' title='bbox 737 552 955 627; x_wconf 85' lang='lat' dir='ltr'><em>occisionem</em></span> <span class='ocrx_word' id='word_1_16' title='bbox 979 558 1105 633; x_wconf 83' lang='lat' dir='ltr'>ductum</span> 
     </span>
     <span class='ocr_line' id='line_1_4' title="bbox 90 666 1105 764; baseline 0.012 -25"><span class='ocrx_word' id='word_1_17' title='bbox 90 669 234 740; x_wconf 54' lang='lat' dir='ltr'><em>W*</em></span> <span class='ocrx_word' id='word_1_18' title='bbox 244 666 283 742; x_wconf 82' lang='lat' dir='ltr'><em>In</em></span> <span class='ocrx_word' id='word_1_19' title='bbox 300 672 444 742; x_wconf 87' lang='lat' dir='ltr'><em>Christo</em></span> <span class='ocrx_word' id='word_1_20' title='bbox 459 696 532 741; x_wconf 88' lang='lat' dir='ltr'><em>non</em></span> <span class='ocrx_word' id='word_1_21' title='bbox 546 689 786 764; x_wconf 82' lang='lat' dir='ltr'><em>agnoverunt,</em></span> <span class='ocrx_word' id='word_1_22' title='bbox 805 672 925 745; x_wconf 86' lang='lat' dir='ltr'><strong>necin</strong></span> <span class='ocrx_word' id='word_1_23' title='bbox 940 675 1036 749; x_wconf 89' lang='lat' dir='ltr'><strong>ovile</strong></span> <span class='ocrx_word' id='word_1_24' title='bbox 1048 677 1105 751; x_wconf 75' lang='lat' dir='ltr'>eius</span> 
     </span>
     <span class='ocr_line' id='line_1_5' title="bbox 245 786 1105 888; baseline 0.01 -29"><span class='ocrx_word' id='word_1_25' title='bbox 245 787 375 859; x_wconf 80' lang='lat' dir='ltr'><em>intrare</em></span> <span class='ocrx_word' id='word_1_26' title='bbox 391 786 562 859; x_wconf 84' lang='lat' dir='ltr'><em>volebant</em></span> <span class='ocrx_word' id='word_1_27' title='bbox 578 812 657 858; x_wconf 90' lang='lat' dir='ltr'><em>eum</em></span> <span class='ocrx_word' id='word_1_28' title='bbox 677 787 741 858; x_wconf 85' lang='lat' dir='ltr'>illis</span> <span class='ocrx_word' id='word_1_29' title='bbox 760 788 908 877; x_wconf 86' lang='lat' dir='ltr'><strong>ovibus,</strong></span> <span class='ocrx_word' id='word_1_30' title='bbox 934 817 1023 888; x_wconf 87' lang='lat' dir='ltr'><strong>quas</strong></span> <span class='ocrx_word' id='word_1_31' title='bbox 1039 794 1105 871; x_wconf 77' lang='lat' dir='ltr'>dicit</span> 
     </span>
    </p>

    <p class='ocr_par' dir='ltr' id='par_1_3' title="bbox 247 903 1104 994">
     <span class='ocr_line' id='line_1_6' title="bbox 247 903 1104 994; baseline 0.009 -18"><span class='ocrx_word' id='word_1_32' title='bbox 247 930 286 976; x_wconf 87' lang='lat' dir='ltr'><em>se</em></span> <span class='ocrx_word' id='word_1_33' title='bbox 306 904 386 976; x_wconf 79' lang='lat' dir='ltr'><strong>alias</strong></span> <span class='ocrx_word' id='word_1_34' title='bbox 405 903 554 988; x_wconf 83' lang='lat' dir='ltr'>habere,</span> <span class='ocrx_word' id='word_1_35' title='bbox 576 930 639 994; x_wconf 74' lang='lat' dir='ltr'><em>quo</em></span> <span class='ocrx_word' id='word_1_36' title='bbox 660 932 720 973; x_wconf 81' lang='lat' dir='ltr'><em>non</em></span> <span class='ocrx_word' id='word_1_37' title='bbox 730 911 810 991; x_wconf 74' lang='lat' dir='ltr'><em>fimt</em></span> <span class='ocrx_word' id='word_1_38' title='bbox 828 933 868 976; x_wconf 87' lang='lat' dir='ltr'><em>ex</em></span> <span class='ocrx_word' id='word_1_39' title='bbox 887 917 947 979; x_wconf 80' lang='lat' dir='ltr'><em>lzoc</em></span> <span class='ocrx_word' id='word_1_40' title='bbox 970 922 1104 983; x_wconf 76' lang='lat' dir='ltr'><em>ovilis-tt</em></span> 
     </span>
    </p>

    <p class='ocr_par' dir='ltr' id='par_1_4' title="bbox 246 1030 1102 1127">
     <span class='ocr_line' id='line_1_7' title="bbox 246 1030 1102 1127; baseline 0.012 -36"><span class='ocrx_word' id='word_1_41' title='bbox 246 1030 316 1093; x_wconf 77' lang='lat' dir='ltr'><em>illas</em></span> <span class='ocrx_word' id='word_1_42' title='bbox 332 1042 452 1110; x_wconf 77' lang='lat' dir='ltr'><em>oportet</em></span> <span class='ocrx_word' id='word_1_43' title='bbox 468 1049 514 1091; x_wconf 86' lang='lat' dir='ltr'><em>me</em></span> <span class='ocrx_word' id='word_1_44' title='bbox 527 1030 691 1105; x_wconf 78' lang='lat' dir='ltr'><strong><em>adducere,</em></strong></span> <span class='ocrx_word' id='word_1_45' title='bbox 710 1043 740 1090; x_wconf 84' lang='lat' dir='ltr'><em>ct</em></span> <span class='ocrx_word' id='word_1_46' title='bbox 752 1049 858 1092; x_wconf 84' lang='lat' dir='ltr'><em>vocem</em></span> <span class='ocrx_word' id='word_1_47' title='bbox 871 1052 974 1127; x_wconf 67' lang='lat' dir='ltr'><em>mfam</em></span> <span class='ocrx_word' id='word_1_48' title='bbox 986 1038 1102 1115; x_wconf 75' lang='lat' dir='ltr'><em>audient,</em></span> 
     </span>
    </p>

    <p class='ocr_par' dir='ltr' id='par_1_5' title="bbox 246 1145 1104 1233">
     <span class='ocr_line' id='line_1_8' title="bbox 246 1145 1104 1233; baseline 0.009 -24"><span class='ocrx_word' id='word_1_49' title='bbox 246 1160 277 1209; x_wconf 85' lang='lat' dir='ltr'><em>et</em></span> <span class='ocrx_word' id='word_1_50' title='bbox 286 1145 344 1222; x_wconf 79' lang='lat' dir='ltr'><em>fiet</em></span> <span class='ocrx_word' id='word_1_51' title='bbox 360 1166 452 1206; x_wconf 77' lang='lat' dir='ltr'><em>unum</em></span> <span class='ocrx_word' id='word_1_52' title='bbox 472 1147 570 1221; x_wconf 83' lang='lat' dir='ltr'><em>ovile,</em></span> <span class='ocrx_word' id='word_1_53' title='bbox 593 1158 624 1207; x_wconf 86' lang='lat' dir='ltr'><em>et</em></span> <span class='ocrx_word' id='word_1_54' title='bbox 640 1164 717 1206; x_wconf 81' lang='lat' dir='ltr'><em>unus</em></span> <span class='ocrx_word' id='word_1_55' title='bbox 729 1160 852 1226; x_wconf 81' lang='lat' dir='ltr'><em>postor.</em></span> <span class='ocrx_word' id='word_1_56' title='bbox 892 1151 1057 1233; x_wconf 79' lang='lat' dir='ltr'><em>Propterea</em></span> <span class='ocrx_word' id='word_1_57' title='bbox 1069 1170 1104 1217; x_wconf 80' lang='lat' dir='ltr'><em>me</em></span> 
     </span>
    </p>

    <p class='ocr_par' dir='ltr' id='par_1_6' title="bbox 244 1262 1104 1349">
     <span class='ocr_line' id='line_1_9' title="bbox 244 1262 1104 1349; baseline 0.01 -24"><span class='ocrx_word' id='word_1_58' title='bbox 244 1262 347 1337; x_wconf 79' lang='lat' dir='ltr'><em>diligit</em></span> <span class='ocrx_word' id='word_1_59' title='bbox 370 1263 486 1325; x_wconf 82' lang='lat' dir='ltr'><em>Patet:</em></span> <span class='ocrx_word' id='word_1_60' title='bbox 515 1265 590 1344; x_wconf 79' lang='lat' dir='ltr'><em>quia</em></span> <span class='ocrx_word' id='word_1_61' title='bbox 610 1282 663 1338; x_wconf 76' lang='lat' dir='ltr'><em>ego</em></span> <span class='ocrx_word' id='word_1_62' title='bbox 677 1282 762 1343; x_wconf 77' lang='lat' dir='ltr'><em>pono</em></span> <span class='ocrx_word' id='word_1_63' title='bbox 779 1269 915 1328; x_wconf 79' lang='lat' dir='ltr'><em>animam</em></span> <span class='ocrx_word' id='word_1_64' title='bbox 940 1290 1056 1349; x_wconf 84' lang='lat' dir='ltr'><em>meam,</em></span> <span class='ocrx_word' id='word_1_65' title='bbox 1078 1280 1104 1333; x_wconf 74' lang='lat' dir='ltr'><em>ot</em></span> 
     </span>
    </p>

    <p class='ocr_par' dir='ltr' id='par_1_7' title="bbox 196 1381 1102 1449">
     <span class='ocr_line' id='line_1_10' title="bbox 196 1381 1102 1449; baseline 0.008 -9"><span class='ocrx_word' id='word_1_66' title='bbox 196 1437 202 1449; x_wconf 84' lang='grc'><em>,</em></span> <span class='ocrx_word' id='word_1_67' title='bbox 243 1382 357 1441; x_wconf 82' lang='lat' dir='ltr'><em>iterum</em></span> <span class='ocrx_word' id='word_1_68' title='bbox 396 1399 499 1442; x_wconf 81' lang='lat' dir='ltr'><em>umam</em></span> <span class='ocrx_word' id='word_1_69' title='bbox 528 1398 605 1442; x_wconf 84' lang='lat' dir='ltr'><em>tom.</em></span> <span class='ocrx_word' id='word_1_70' title='bbox 680 1381 772 1441; x_wconf 84' lang='lat' dir='ltr'><em>Nemo</em></span> <span class='ocrx_word' id='word_1_71' title='bbox 799 1381 883 1445; x_wconf 77' lang='lat' dir='ltr'><em>tollit</em></span> <span class='ocrx_word' id='word_1_72' title='bbox 905 1404 976 1447; x_wconf 83' lang='lat' dir='ltr'><em>eam</em></span> <span class='ocrx_word' id='word_1_73' title='bbox 1001 1408 1022 1449; x_wconf 85' lang='lat' dir='ltr'><em>a</em></span> <span class='ocrx_word' id='word_1_74' title='bbox 1044 1407 1102 1449; x_wconf 75' lang='lat' dir='ltr'><em>me:</em></span> 
     </span>
    </p>

    <p class='ocr_par' dir='ltr' id='par_1_8' title="bbox 235 1486 1104 1811">
     <span class='ocr_line' id='line_1_11' title="bbox 235 1486 1103 1579; baseline 0.012 -22"><span class='ocrx_word' id='word_1_75' title='bbox 235 1495 299 1576; x_wconf 77' lang='lat' dir='ltr'><em>sed</em></span> <span class='ocrx_word' id='word_1_76' title='bbox 322 1517 375 1573; x_wconf 80' lang='lat' dir='ltr'><em>ego</em></span> <span class='ocrx_word' id='word_1_77' title='bbox 391 1516 475 1579; x_wconf 79' lang='lat' dir='ltr'><em>pono</em></span> <span class='ocrx_word' id='word_1_78' title='bbox 505 1516 572 1558; x_wconf 84' lang='lat' dir='ltr'><em>eom</em></span> <span class='ocrx_word' id='word_1_79' title='bbox 593 1514 615 1556; x_wconf 86' lang='lat' dir='ltr'><em>a</em></span> <span class='ocrx_word' id='word_1_80' title='bbox 639 1515 686 1557; x_wconf 87' lang='lat' dir='ltr'><em>mt</em></span> <span class='ocrx_word' id='word_1_81' title='bbox 708 1500 774 1576; x_wconf 83' lang='lat' dir='ltr'><em>ipso</em></span> <span class='ocrx_word' id='word_1_82' title='bbox 796 1486 846 1577; x_wconf 83' lang='lat' dir='ltr'><em>a).</em></span> <span class='ocrx_word' id='word_1_83' title='bbox 901 1492 1103 1567; x_wconf 80' lang='lat' dir='ltr'>Occiderunt</span> 
     </span>
     <span class='ocr_line' id='line_1_12' title="bbox 247 1603 1104 1709; baseline 0.008 -33"><span class='ocrx_word' id='word_1_84' title='bbox 247 1605 393 1699; x_wconf 89' lang='lat' dir='ltr'>quidem</span> <span class='ocrx_word' id='word_1_85' title='bbox 421 1603 599 1676; x_wconf 86' lang='lat' dir='ltr'>Christum</span> <span class='ocrx_word' id='word_1_86' title='bbox 624 1603 758 1690; x_wconf 78' lang='lat' dir='ltr'><strong>Iudaei,</strong></span> <span class='ocrx_word' id='word_1_87' title='bbox 783 1604 845 1675; x_wconf 86' lang='lat' dir='ltr'><em>sed</em></span> <span class='ocrx_word' id='word_1_88' title='bbox 871 1613 1018 1702; x_wconf 89' lang='lat' dir='ltr'>quando</span> <span class='ocrx_word' id='word_1_89' title='bbox 1043 1612 1104 1709; x_wconf 78' lang='lat' dir='ltr'>ipse</span> 
     </span>
     <span class='ocr_line' id='line_1_13' title="bbox 246 1722 1100 1811; baseline 0.007 -16"><span class='ocrx_word' id='word_1_90' title='bbox 246 1722 382 1795; x_wconf 82' lang='lat' dir='ltr'><em>voluit:</em></span> <span class='ocrx_word' id='word_1_91' title='bbox 414 1731 538 1791; x_wconf 70' lang='lat' dir='ltr'><em>Oblatas</em></span> <span class='ocrx_word' id='word_1_92' title='bbox 556 1743 601 1791; x_wconf 87' lang='lat' dir='ltr'><em>est</em></span> <span class='ocrx_word' id='word_1_93' title='bbox 618 1732 692 1811; x_wconf 79' lang='lat' dir='ltr'><em>quio</em></span> <span class='ocrx_word' id='word_1_94' title='bbox 712 1732 776 1810; x_wconf 81' lang='lat' dir='ltr'><em>ipsc</em></span> <span class='ocrx_word' id='word_1_95' title='bbox 792 1733 915 1811; x_wconf 77' lang='lat' dir='ltr'><em>voluit,</em></span> <span class='ocrx_word' id='word_1_96' title='bbox 943 1748 982 1799; x_wconf 90' lang='lat' dir='ltr'><em>ut</em></span> <span class='ocrx_word' id='word_1_97' title='bbox 1005 1729 1045 1800; x_wconf 90' lang='lat' dir='ltr'><em>de</em></span> <span class='ocrx_word' id='word_1_98' title='bbox 1066 1752 1100 1799; x_wconf 87' lang='lat' dir='ltr'><em>eo</em></span> 
     </span>
    </p>

    <p class='ocr_par' dir='ltr' id='par_1_9' title="bbox 244 1835 1113 1936">
     <span class='ocr_line' id='line_1_14' title="bbox 244 1835 1113 1936; baseline 0.005 -25"><span class='ocrx_word' id='word_1_99' title='bbox 244 1866 308 1936; x_wconf 89' lang='lat' dir='ltr'><em>per</em></span> <span class='ocrx_word' id='word_1_100' title='bbox 337 1835 462 1908; x_wconf 85' lang='lat' dir='ltr'><strong>Isaiam</strong></span> <span class='ocrx_word' id='word_1_101' title='bbox 492 1836 585 1907; x_wconf 86' lang='lat' dir='ltr'><strong>LIII.</strong></span> <span class='ocrx_word' id='word_1_102' title='bbox 613 1861 649 1925; x_wconf 90' lang='lat'><em>7.</em></span> <span class='ocrx_word' id='word_1_103' title='bbox 686 1838 894 1932; x_wconf 85' lang='lat' dir='ltr'>p1·aedictum</span> <span class='ocrx_word' id='word_1_104' title='bbox 927 1853 1002 1917; x_wconf 84' lang='lat' dir='ltr'><em>e&#39;st:</em></span> <span class='ocrx_word' id='word_1_105' title='bbox 1035 1854 1113 1916; x_wconf 75' lang='lat' dir='ltr'><em>Sicut-</em></span> 
     </span>
    </p>

    <p class='ocr_par' dir='ltr' id='par_1_10' title="bbox 243 1965 1101 2048">
     <span class='ocr_line' id='line_1_15' title="bbox 243 1965 1101 2048; baseline 0.01 -23"><span class='ocrx_word' id='word_1_106' title='bbox 243 1969 313 2026; x_wconf 85' lang='lat' dir='ltr'><em>ovis</em></span> <span class='ocrx_word' id='word_1_107' title='bbox 337 1965 381 2025; x_wconf 82' lang='lat' dir='ltr'><em>od</em></span> <span class='ocrx_word' id='word_1_108' title='bbox 404 1966 579 2026; x_wconf 82' lang='lat' dir='ltr'><em>occisionem</em></span> <span class='ocrx_word' id='word_1_109' title='bbox 606 1965 751 2042; x_wconf 81' lang='lat' dir='ltr'><em>ducetur,</em></span> <span class='ocrx_word' id='word_1_110' title='bbox 779 1978 809 2028; x_wconf 86' lang='lat' dir='ltr'><em>et</em></span> <span class='ocrx_word' id='word_1_111' title='bbox 833 1973 926 2048; x_wconf 80' lang='lat' dir='ltr'><em>quasi</em></span> <span class='ocrx_word' id='word_1_112' title='bbox 955 1989 1045 2047; x_wconf 74' lang='lat' dir='ltr'><em>agnus</em></span> <span class='ocrx_word' id='word_1_113' title='bbox 1066 1988 1101 2033; x_wconf 82' lang='lat' dir='ltr'><em>co·</em></span> 
     </span>
    </p>
   </div>
   <div class='ocr_carea' id='block_1_3' title="bbox 243 2081 1101 2168">
    <p class='ocr_par' dir='ltr' id='par_1_11' title="bbox 243 2081 1101 2168">
     <span class='ocr_line' id='line_1_16' title="bbox 243 2081 1101 2168; baseline 0.009 -25"><span class='ocrx_word' id='word_1_114' title='bbox 243 2102 313 2143; x_wconf 83' lang='lat' dir='ltr'><em>rom</em></span> <span class='ocrx_word' id='word_1_115' title='bbox 340 2083 481 2145; x_wconf 79' lang='lat' dir='ltr'><em>tondente</em></span> <span class='ocrx_word' id='word_1_116' title='bbox 507 2100 536 2143; x_wconf 82' lang='lat' dir='ltr'><em>st</em></span> <span class='ocrx_word' id='word_1_117' title='bbox 566 2081 767 2158; x_wconf 82' lang='lat' dir='ltr'><em>obmutescet,</em></span> <span class='ocrx_word' id='word_1_118' title='bbox 802 2094 833 2143; x_wconf 88' lang='lat' dir='ltr'><em>et</em></span> <span class='ocrx_word' id='word_1_119' title='bbox 856 2103 916 2145; x_wconf 83' lang='lat' dir='ltr'><em>non</em></span> <span class='ocrx_word' id='word_1_120' title='bbox 942 2092 1055 2168; x_wconf 78' lang='lat' dir='ltr'><em>aperiet</em></span> <span class='ocrx_word' id='word_1_121' title='bbox 1075 2104 1101 2149; x_wconf 86' lang='lat' dir='ltr'><em>ot</em></span> 
     </span>
    </p>
   </div>
   <div class='ocr_carea' id='block_1_4' title="bbox 232 2188 1101 2288">
    <p class='ocr_par' dir='ltr' id='par_1_12' title="bbox 232 2188 1101 2288">
     <span class='ocr_line' id='line_1_17' title="bbox 232 2188 1101 2288; baseline 0.005 -29"><span class='ocrx_word' id='word_1_122' title='bbox 232 2199 340 2279; x_wconf 70' lang='lat' dir='ltr'><em>fitam.</em></span> <span class='ocrx_word' id='word_1_123' title='bbox 413 2189 462 2262; x_wconf 88' lang='lat' dir='ltr'><em>Et</em></span> <span class='ocrx_word' id='word_1_124' title='bbox 489 2188 565 2283; x_wconf 86' lang='lat' dir='ltr'>ipse</span> <span class='ocrx_word' id='word_1_125' title='bbox 591 2196 659 2283; x_wconf 80' lang='lat' dir='ltr'>per&#39;</span> <span class='ocrx_word' id='word_1_126' title='bbox 680 2188 862 2260; x_wconf 80' lang='lat' dir='ltr'>Jeremiam</span> <span class='ocrx_word' id='word_1_127' title='bbox 889 2192 957 2263; x_wconf 89' lang='lat' dir='ltr'><em>XI.</em></span> <span class='ocrx_word' id='word_1_128' title='bbox 991 2219 1042 2288; x_wconf 88' lang='lat'><em>19.</em></span> <span class='ocrx_word' id='word_1_129' title='bbox 1063 2192 1101 2267; x_wconf 89' lang='lat' dir='ltr'><em>di·</em></span> 
     </span>
    </p>
   </div>
   <div class='ocr_carea' id='block_1_5' title="bbox 158 2307 1100 3921">
    <p class='ocr_par' dir='ltr' id='par_1_13' title="bbox 158 2307 1100 3921">
     <span class='ocr_line' id='line_1_18' title="bbox 244 2307 1100 2403; baseline 0.001 -25"><span class='ocrx_word' id='word_1_130' title='bbox 244 2307 317 2378; x_wconf 84' lang='lat' dir='ltr'><em>cit:</em></span> <span class='ocrx_word' id='word_1_131' title='bbox 354 2315 417 2391; x_wconf 77' lang='lat' dir='ltr'><em>Ego</em></span> <span class='ocrx_word' id='word_1_132' title='bbox 438 2318 528 2397; x_wconf 79' lang='lat' dir='ltr'><em>quasi</em></span> <span class='ocrx_word' id='word_1_133' title='bbox 554 2334 650 2389; x_wconf 79' lang='lat' dir='ltr'><em>agnus</em></span> <span class='ocrx_word' id='word_1_134' title='bbox 672 2327 867 2393; x_wconf 82' lang='lat' dir='ltr'><em>mansuetus,</em></span> <span class='ocrx_word' id='word_1_135' title='bbox 895 2323 952 2400; x_wconf 81' lang='lat' dir='ltr'><em>qui</em></span> <span class='ocrx_word' id='word_1_136' title='bbox 969 2334 1100 2403; x_wconf 78' lang='lat' dir='ltr'><em>portatur</em></span> 
     </span>
     <span class='ocr_line' id='line_1_19' title="bbox 244 2421 1099 2524; baseline -0.001 -28"><span class='ocrx_word' id='word_1_137' title='bbox 244 2436 287 2496; x_wconf 80' lang='lat' dir='ltr'><em>od</em></span> <span class='ocrx_word' id='word_1_138' title='bbox 313 2436 475 2517; x_wconf 75' lang='lat' dir='ltr'><em>victimam</em></span> <span class='ocrx_word' id='word_1_139' title='bbox 504 2422 743 2520; x_wconf 83' lang='lat' dir='ltr'>praefiguratus</span> <span class='ocrx_word' id='word_1_140' title='bbox 771 2421 808 2492; x_wconf 90' lang='lat' dir='ltr'><em>in</em></span> <span class='ocrx_word' id='word_1_141' title='bbox 839 2449 935 2518; x_wconf 84' lang='lat' dir='ltr'><em>agno</em></span> <span class='ocrx_word' id='word_1_142' title='bbox 966 2426 1099 2524; x_wconf 82' lang='lat' dir='ltr'>paschali</span> 
     </span>
     <span class='ocr_line' id='line_1_20' title="bbox 243 2539 1099 2636; baseline 0.002 -22"><span class='ocrx_word' id='word_1_143' title='bbox 243 2543 469 2626; x_wconf 75' lang='lat' dir='ltr'><strong>Judaeorum,</strong></span> <span class='ocrx_word' id='word_1_144' title='bbox 496 2539 580 2635; x_wconf 88' lang='lat' dir='ltr'>quia</span> <span class='ocrx_word' id='word_1_145' title='bbox 606 2539 704 2611; x_wconf 82' lang='lat' dir='ltr'>iuxta</span> <span class='ocrx_word' id='word_1_146' title='bbox 733 2544 959 2636; x_wconf 86' lang='lat' dir='ltr'><em>apostolum:</em></span> <span class='ocrx_word' id='word_1_147' title='bbox 996 2554 1099 2618; x_wconf 78' lang='lat' dir='ltr'><em>Potom</em></span> 
     </span>
     <span class='ocr_line' id='line_1_21' title="bbox 241 2660 1098 2747; baseline 0.001 -17"><span class='ocrx_word' id='word_1_148' title='bbox 241 2683 378 2731; x_wconf 77' lang='lat' dir='ltr'><em>nostrum</em></span> <span class='ocrx_word' id='word_1_149' title='bbox 399 2668 575 2728; x_wconf 79' lang='lat' dir='ltr'><em>immolatus</em></span> <span class='ocrx_word' id='word_1_150' title='bbox 597 2678 644 2728; x_wconf 82' lang='lat' dir='ltr'><em>est</em></span> <span class='ocrx_word' id='word_1_151' title='bbox 672 2668 814 2730; x_wconf 74' lang='lat' dir='ltr'><em>Christus.</em></span> <span class='ocrx_word' id='word_1_152' title='bbox 881 2660 992 2747; x_wconf 78' lang='lat' dir='ltr'><strong>„Illic</strong></span> <span class='ocrx_word' id='word_1_153' title='bbox 1020 2686 1098 2733; x_wconf 87' lang='lat' dir='ltr'><strong>nam·</strong></span> 
     </span>
     <span class='ocr_line' id='line_1_22' title="bbox 241 2773 1096 2872; baseline 0.002 -25"><span class='ocrx_word' id='word_1_154' title='bbox 241 2804 335 2871; x_wconf 89' lang='lat' dir='ltr'>que,</span> <span class='ocrx_word' id='word_1_155' title='bbox 364 2794 404 2846; x_wconf 83' lang='lat' dir='ltr'><em>ut</em></span> <span class='ocrx_word' id='word_1_156' title='bbox 426 2799 506 2845; x_wconf 88' lang='lat' dir='ltr'><em>cum</em></span> <span class='ocrx_word' id='word_1_157' title='bbox 532 2773 563 2842; x_wconf 92' lang='lat' dir='ltr'><em>S.</em></span> <span class='ocrx_word' id='word_1_158' title='bbox 590 2773 719 2845; x_wconf 89' lang='lat' dir='ltr'><em>Proclo</em></span> <span class='ocrx_word' id='word_1_159' title='bbox 745 2773 915 2872; x_wconf 86' lang='lat' dir='ltr'><strong>Archiep.</strong></span> <span class='ocrx_word' id='word_1_160' title='bbox 941 2778 1096 2851; x_wconf 81' lang='lat' dir='ltr'><em>Constan·</em></span> 
     </span>
     <span class='ocr_line' id='line_1_23' title="bbox 238 2886 1094 2991; baseline 0.001 -27"><span class='ocrx_word' id='word_1_161' title='bbox 238 2891 477 2988; x_wconf 83' lang='lat' dir='ltr'><em>tinopolitano</em></span> <span class='ocrx_word' id='word_1_162' title='bbox 499 2893 625 2984; x_wconf 78' lang='lat' dir='ltr'>loquar</span> <span class='ocrx_word' id='word_1_163' title='bbox 646 2886 706 2978; x_wconf 84' lang='lat' dir='ltr'><em>b),</em></span> <span class='ocrx_word' id='word_1_164' title='bbox 733 2892 912 2987; x_wconf 83' lang='lat' dir='ltr'>gregarius</span> <span class='ocrx_word' id='word_1_165' title='bbox 936 2920 1042 2991; x_wconf 84' lang='lat' dir='ltr'><strong>agnus</strong></span> <span class='ocrx_word' id='word_1_166' title='bbox 1060 2916 1094 2965; x_wconf 84' lang='lat' dir='ltr'><em>ex</em></span> 
     </span>
     <span class='ocr_line' id='line_1_24' title="bbox 239 3004 1092 3104; baseline 0.001 -24"><span class='ocrx_word' id='word_1_167' title='bbox 239 3009 326 3104; x_wconf 79' lang='lat' dir='ltr'><strong>Iegis</strong></span> <span class='ocrx_word' id='word_1_168' title='bbox 366 3004 558 3078; x_wconf 86' lang='lat' dir='ltr'><em>constituto</em></span> <span class='ocrx_word' id='word_1_169' title='bbox 593 3006 867 3097; x_wconf 79' lang='lat' dir='ltr'>sacrificabatur3</span> <span class='ocrx_word' id='word_1_170' title='bbox 912 3012 990 3086; x_wconf 89' lang='lat' dir='ltr'>heic</span> <span class='ocrx_word' id='word_1_171' title='bbox 1022 3033 1092 3087; x_wconf 88' lang='lat' dir='ltr'><em>vero</em></span> 
     </span>
     <span class='ocr_line' id='line_1_25' title="bbox 239 3121 1089 3221; baseline -0.006 -22"><span class='ocrx_word' id='word_1_172' title='bbox 239 3125 401 3199; x_wconf 81' lang='lat' dir='ltr'><em>Christus</em></span> <span class='ocrx_word' id='word_1_173' title='bbox 439 3125 516 3221; x_wconf 83' lang='lat' dir='ltr'>ipse</span> <span class='ocrx_word' id='word_1_174' title='bbox 549 3121 677 3219; x_wconf 84' lang='lat' dir='ltr'><strong>Agnus</strong></span> <span class='ocrx_word' id='word_1_175' title='bbox 714 3124 787 3196; x_wconf 86' lang='lat' dir='ltr'><em>Dei</em></span> <span class='ocrx_word' id='word_1_176' title='bbox 820 3128 979 3203; x_wconf 88' lang='lat' dir='ltr'><em>offertur.</em></span> <span class='ocrx_word' id='word_1_177' title='bbox 1032 3125 1089 3201; x_wconf 81' lang='lat' dir='ltr'><strong>lltic</strong></span> 
     </span>
     <span class='ocr_line' id='line_1_26' title="bbox 239 3241 1088 3345; baseline -0.009 -27"><span class='ocrx_word' id='word_1_178' title='bbox 239 3246 316 3318; x_wconf 75' lang='lat' dir='ltr'><em>ovis</em></span> <span class='ocrx_word' id='word_1_179' title='bbox 338 3246 381 3315; x_wconf 91' lang='lat' dir='ltr'><em>de</em></span> <span class='ocrx_word' id='word_1_180' title='bbox 401 3242 504 3327; x_wconf 87' lang='lat' dir='ltr'><strong>oviIi;</strong></span> <span class='ocrx_word' id='word_1_181' title='bbox 536 3242 616 3314; x_wconf 88' lang='lat' dir='ltr'>heic</span> <span class='ocrx_word' id='word_1_182' title='bbox 633 3262 750 3314; x_wconf 83' lang='lat' dir='ltr'>autern</span> <span class='ocrx_word' id='word_1_183' title='bbox 769 3241 847 3315; x_wconf 89' lang='lat' dir='ltr'><strong>vice</strong></span> <span class='ocrx_word' id='word_1_184' title='bbox 867 3246 945 3319; x_wconf 88' lang='lat' dir='ltr'><em>ovis</em></span> <span class='ocrx_word' id='word_1_185' title='bbox 968 3248 1037 3345; x_wconf 86' lang='lat' dir='ltr'><strong>ipse</strong></span> <span class='ocrx_word' id='word_1_186' title='bbox 1050 3258 1088 3315; x_wconf 86' lang='lat' dir='ltr'><em>est</em></span> 
     </span>
     <span class='ocr_line' id='line_1_27' title="bbox 236 3369 1088 3455; baseline -0.008 -21"><span class='ocrx_word' id='word_1_187' title='bbox 236 3374 349 3434; x_wconf 78' lang='lat' dir='ltr'><em>Pastor</em></span> <span class='ocrx_word' id='word_1_188' title='bbox 368 3372 479 3446; x_wconf 79' lang='lat' dir='ltr'><em>bonus,</em></span> <span class='ocrx_word' id='word_1_189' title='bbox 507 3371 561 3452; x_wconf 78' lang='lat' dir='ltr'><em>qui</em></span> <span class='ocrx_word' id='word_1_190' title='bbox 584 3374 718 3431; x_wconf 78' lang='lat' dir='ltr'><em>animam</em></span> <span class='ocrx_word' id='word_1_191' title='bbox 727 3369 823 3448; x_wconf 75' lang='lat' dir='ltr'><em>fitam</em></span> <span class='ocrx_word' id='word_1_192' title='bbox 838 3377 950 3451; x_wconf 77' lang='lat' dir='ltr'><em>posuit</em></span> <span class='ocrx_word' id='word_1_193' title='bbox 964 3394 1023 3455; x_wconf 82' lang='lat' dir='ltr'><em>pro</em></span> <span class='ocrx_word' id='word_1_194' title='bbox 1038 3370 1088 3432; x_wconf 82' lang='lat' dir='ltr'><em>oot&#39;·</em></span> 
     </span>
     <span class='ocr_line' id='line_1_28' title="bbox 158 3477 1085 3572; baseline -0.012 -15"><span class='ocrx_word' id='word_1_195' title='bbox 158 3552 163 3557; x_wconf 90' lang='lat'><strong>.</strong></span> <span class='ocrx_word' id='word_1_196' title='bbox 233 3491 287 3551; x_wconf 78' lang='lat' dir='ltr'><em>bus</em></span> <span class='ocrx_word' id='word_1_197' title='bbox 304 3486 375 3567; x_wconf 71' lang='lat' dir='ltr'><em>fitis</em></span> <span class='ocrx_word' id='word_1_198' title='bbox 403 3534 410 3547; x_wconf 93' lang='lat'><strong>.</strong></span> <span class='ocrx_word' id='word_1_199' title='bbox 440 3532 448 3546; x_wconf 93' lang='lat'><strong>.</strong></span> <span class='ocrx_word' id='word_1_200' title='bbox 478 3529 485 3547; x_wconf 93' lang='lat'><strong>.</strong></span> <span class='ocrx_word' id='word_1_201' title='bbox 512 3478 653 3549; x_wconf 84' lang='lat' dir='ltr'><em>Merito</em></span> <span class='ocrx_word' id='word_1_202' title='bbox 682 3478 799 3572; x_wconf 83' lang='lat' dir='ltr'>itaque</span> <span class='ocrx_word' id='word_1_203' title='bbox 825 3477 957 3554; x_wconf 77' lang='lat' dir='ltr'>Paulus</span> <span class='ocrx_word' id='word_1_204' title='bbox 985 3485 1085 3555; x_wconf 80' lang='lat' dir='ltr'><strong>clama·</strong></span> 
     </span>
     <span class='ocr_line' id='line_1_29' title="bbox 233 3600 1083 3683; baseline -0.008 -13"><span class='ocrx_word' id='word_1_205' title='bbox 233 3600 321 3670; x_wconf 78' lang='lat' dir='ltr'><em>bat:</em></span> <span class='ocrx_word' id='word_1_206' title='bbox 359 3604 427 3663; x_wconf 73' lang='lat' dir='ltr'><em>Hoc.</em></span> <span class='ocrx_word' id='word_1_207' title='bbox 463 3614 566 3664; x_wconf 82' lang='lat' dir='ltr'><em>autem</em></span> <span class='ocrx_word' id='word_1_208' title='bbox 599 3608 631 3665; x_wconf 81' lang='lat' dir='ltr'><em>in</em></span> <span class='ocrx_word' id='word_1_209' title='bbox 653 3603 758 3680; x_wconf 80' lang='lat' dir='ltr'><strong><em>figura</em></strong></span> <span class='ocrx_word' id='word_1_210' title='bbox 787 3609 999 3683; x_wconf 57' lang='lat' dir='ltr'><em>contingebant</em></span> <span class='ocrx_word' id='word_1_211' title='bbox 1022 3605 1083 3669; x_wconf 71' lang='lat' dir='ltr'><em>itis:</em></span> 
     </span>
     <span class='ocr_line' id='line_1_30' title="bbox 221 3719 1084 3803; baseline 0.005 -20"><span class='ocrx_word' id='word_1_212' title='bbox 221 3724 346 3803; x_wconf 68' lang='lat' dir='ltr'><em>joipto</em></span> <span class='ocrx_word' id='word_1_213' title='bbox 360 3721 439 3800; x_wconf 74' lang='lat' dir='ltr'><em>fiozt</em></span> <span class='ocrx_word' id='word_1_214' title='bbox 461 3733 565 3781; x_wconf 75' lang='lat' dir='ltr'><em>autem</em></span> <span class='ocrx_word' id='word_1_215' title='bbox 588 3721 631 3780; x_wconf 84' lang='lat' dir='ltr'><em>od</em></span> <span class='ocrx_word' id='word_1_216' title='bbox 654 3725 869 3802; x_wconf 76' lang='lat' dir='ltr'><em>correptionem</em></span> <span class='ocrx_word' id='word_1_217' title='bbox 895 3719 1084 3801; x_wconf 77' lang='lat' dir='ltr'><em>nostram,i!²</em></span> 
     </span>
     <span class='ocr_line' id='line_1_31' title="bbox 230 3833 1084 3921; baseline 0.002 -22"><span class='ocrx_word' id='word_1_218' title='bbox 230 3859 307 3921; x_wconf 71' lang='lat' dir='ltr'><em>quos</em></span> <span class='ocrx_word' id='word_1_219' title='bbox 330 3837 409 3915; x_wconf 78' lang='lat' dir='ltr'><em>fines</em></span> <span class='ocrx_word' id='word_1_220' title='bbox 425 3837 607 3917; x_wconf 75' lang='lat' dir='ltr'><em>soculorum</em></span> <span class='ocrx_word' id='word_1_221' title='bbox 636 3840 827 3901; x_wconf 78' lang='lat' dir='ltr'><em>devenerunt.</em></span> <span class='ocrx_word' id='word_1_222' title='bbox 890 3833 1084 3908; x_wconf 84' lang='lat' dir='ltr'>Erraverunt</span> 
     </span>
    </p>
   </div>
   <div class='ocr_carea' id='block_1_6' title="bbox 275 3977 1053 4057">
    <p class='ocr_par' dir='ltr' id='par_1_14' title="bbox 275 3977 1053 4057">
     <span class='ocr_line' id='line_1_32' title="bbox 275 3977 1053 4057; baseline 0.018 -22"><span class='ocrx_word' id='word_1_223' title='bbox 275 3978 304 4054; x_wconf 66' lang='lat' dir='ltr'><em>a)</em></span> <span class='ocrx_word' id='word_1_224' title='bbox 326 3978 370 4045; x_wconf 71' lang='lat' dir='ltr'><em>Jo.</em></span> <span class='ocrx_word' id='word_1_225' title='bbox 396 3977 433 4035; x_wconf 65' lang='grc' dir='ltr'>κ</span> <span class='ocrx_word' id='word_1_226' title='bbox 458 3983 500 4035; x_wconf 75' lang='lat'><em>1⁶.</em></span> <span class='ocrx_word' id='word_1_227' title='bbox 581 3978 619 4053; x_wconf 67' lang='lat' dir='ltr'><em>t)</em></span> <span class='ocrx_word' id='word_1_228' title='bbox 637 3980 712 4042; x_wconf 68' lang='lat' dir='ltr'><em>oto.</em></span> <span class='ocrx_word' id='word_1_229' title='bbox 738 3980 796 4038; x_wconf 57' lang='grc' dir='ltr'><em>η).</em></span> <span class='ocrx_word' id='word_1_230' title='bbox 823 3983 855 4041; x_wconf 78' lang='lat' dir='ltr'><em>T.</em></span> <span class='ocrx_word' id='word_1_231' title='bbox 878 3984 934 4043; x_wconf 73' lang='lat' dir='ltr'><em>ot</em></span> <span class='ocrx_word' id='word_1_232' title='bbox 953 4000 981 4057; x_wconf 63' lang='lat' dir='ltr'><em>p.</em></span> <span class='ocrx_word' id='word_1_233' title='bbox 1002 3989 1053 4049; x_wconf 76' lang='lat' dir='ltr'><em>ot·</em></span> 
     </span>
    </p>
   </div>
   <div class='ocr_carea' id='block_1_7' title="bbox 0 0 1224 4566">
    <p class='ocr_par' dir='ltr' id='par_1_15' title="bbox 0 0 1224 4566">
     <span class='ocr_line' id='line_1_33' title="bbox 0 0 1224 4566; baseline 0 3"><span class='ocrx_word' id='word_1_234' title='bbox 0 0 1224 4566; x_wconf 95' lang='lat' dir='ltr'><em> </em></span> 
     </span>
    </p>
   </div>
  </div>
 </body>
</html>
