2438 4566
300 267 310 277 ⁴·
424 252 657 315 ξ
909 286 979 351 401

96 403 297 488 sablimitas
313 404 501 506 Evangelii
518 386 669 496 Chiisti,
690 408 865 484 humilitas
887 410 987 486 Chri·
1009 407 1124 472 clm

99 529 170 617 sti,
198 528 236 600 in
258 555 294 601 se
307 526 534 624 ‘suscipientis
556 525 787 599 humilitatem
810 548 984 617 nostram,
1029 530 1098 586 clv.

97 645 166 743 qui
185 644 303 717 miseri
325 664 531 742 peccatores
552 645 685 732 sumus,
709 664 749 718 ut
769 645 839 718 hoc
861 644 1138 741 agnos-“W

100 782 247 850 centes,
287 757 334 833 ad
363 779 444 834 eum
470 771 711 846 recurramus,
751 759 813 856 qui
839 785 987 859 peccata

100 899 227 953 nostra
252 876 398 975 pertulit
424 877 463 948 in·
488 901 594 950 cruce
615 893 805 973 personam
828 899 988 955 nostram

60 980 66 990 ¹
98 989 318 1094 suscipiens,
346 993 441 1067 Patri
462 995 614 1091 supplex
639 1019 707 1089 pro
735 995 840 1070 nobis
863 1022 989 1096 pecca⁴

98 1111 242 1186 toribus
264 1109 437 1185 satisfecit.
476 1120 676 1201 Semetipsum
695 1125 886 1203 exinanivit,
906 1117 989 1189 lunt

54 1236 56 1243 '
98 1228 217 1303 verba
237 1227 391 1327 apostoli
413 1226 526 1300 modo·
551 1225 646 1298 citati
669 1225 728 1316 a),
746 1239 887 1318 formam
896 1238 989 1322 servi

99 1357 278 1438 accipitris,
313 1359 347 1418 ia
359 1351 592 1432 stmilittaiinem
615 1351 772 1416 hominum
791 1355 923 1438 factas,
956 1365 989 1428 et

99 1444 214 1535 habita
238 1474 382 1535 inventas
404 1482 441 1533 ut
461 1457 561 1533 hama
614 1459 715 1532 Talis
740 1461 876 1552 homo,
903 1487 1001 1562 quaa·

99 1574 174 1654 lem
205 1605 242 1653 se
269 1576 338 1652 suis
368 1581 570 1676 exemplum
597 1576 798 1673 praestituit,
827 1580 913 1652 dum
938 1583 989 1654 dia

100 1695 172 1772 citt
210 1703 329 1770 Discite
354 1725 376 1766 a
401 1724 471 1783 me,
507 1707 584 1787 qaia
604 1707 690 1766 mitis
704 1702 781 1785 sam
806 1716 837 1770 et
862 1708 1001 1772 humilia·

100 1823 216 1900 corae,
243 1834 274 1884 et
301 1824 463 1884 invenietis
494 1823 628 1899 requiem
658 1823 818 1884 animabus
850 1829 989 1905 vestris,

100 1930 154 2032 uti
178 1933 385 2026 exemplum
405 1928 444 2000 in
470 1927 669 2022 ¹Publicana
694 1929 865 2004 habemus
886 1932 990 2008 iuxta

102 2046 250 2121 effatum
274 2039 426 2119 christi:
454 2058 531 2137 qaia
555 2057 671 2131 omnis,
699 2060 754 2137 qui
773 2076 804 2119 se
822 2058 990 2141 humiliat,

101 2174 305 2239 exaltabitur.
355 2161 499 2259 Nempe
524 2186 546 2232 a
570 2165 681 2258 longe
706 2161 798 2235 stans
825 2163 991 2239 Publica*

87 2300 191 2368 atus,
219 2303 286 2352 nec
309 2282 434 2353 oculos
459 2277 497 2350 in
519 2283 647 2352 coelum
669 2279 786 2354 levare
813 2278 1004 2373 audebat,

83 2394 217 2474 ·sciens
237 2416 276 2469 'se
296 2395 334 2467 in
354 2390 483 2469 coel‘um
505 2405 690 2492 peccasse,
715 2397 815 2492 quod
837 2419 873 2471 et
892 2400 991 2475 filius
1066 2493 1070 2498 .

102 2512 279 2613 prodigus
301 2511 339 2583 in
360 2539 397 2584 se
415 2511 616 2584 humiliatus
637 2511 776 2585 rediens
797 2515 990 2611 profiteba·

104 2647 184 2704 tur:
214 2640 310 2702 Pater
324 2641 457 2720 peccavi
475 2642 507 2700 in
527 2628 649 2716 calum,
676 2651 707 2702 et
729 2659 832 2705 coram
850 2654 899 2720 te,
922 2646 992 2706 iam

103 2738 367 2836 nonsam³digntei
381 2752 582 2832 vocarifilias
593 2766 664 2818 tuus
680 2742 728 2837 b).
780 2742 819 2820 N
820 2772 868 2821 on
883 2752 997 2826 audet?

102 2854 323 2938 Publicianus
351 2862 474 2938 Deum
506 2862 647 2936 Patrem
674 2867 873 2961 appellare,
901 2864 1004 2964 quo-¹⁹
1059 2868 1061 2875 ’

104 2979 220 3054 modo
244 2978 408 3052 Christus
435 3005 501 3053 nos
530 3006 630 3052 orare
653 2981 794 3053 docuit:
825 2995 919 3057 Pater
937 3005 1001 3058 ew·-v
1081 2966 1084 2979 ‚

104 3095 191 3187 ster,
218 3107 273 3189 qui
301 3125 331 3169 es
354 3107 386 3168 in
412 3105 517 3181 celis,
541 3095 603 3190 qui
632 3097 819 3192 indignum
846 3125 882 3171 se
906 3121 989 3176 cum

105 3212 184 3288 filio
205 3212 360 3311 prodigo
378 3209 587 3309 reputabat,
614 3213 779 3286 fiduciam
806 3233 923 3290 tamen
949 3218 1001 3293 in*

106 3328 233 3405 Deum
259 3331 362 3403 suum
385 3351 462 3401 non
485 3328 647 3403 amittens
668 3343 863 3422 percutiebat
878 3357 992 3425 pectas·
1041 3386 1048 3395 2

95 3456 196 3540 fliam
218 3449 340 3520 dicens:
368 3456 453 3518 Deae
469 3459 628 3538 propitias
644 3471 708 3520 esto
727 3440 803 3521 milii
818 3464 988 3550 peccatoria

107 3561 192 3638 Huc
209 3566 303 3638 redit
311 3583 394 3661 ,tota
414 3558 601 3659 Evangelii
619 3564 752 3665 Christi
777 3552 989 3655 oeconaniia,
1094 3629 1100 3638 ,

109 3681 158 3758 ad
179 3707 285 3778 quam
307 3680 376 3753 iam
395 3680 550 3756 loannes
568 3683 767 3778 p'raecursor
787 3701 990 3779 praeparare

143 3823 177 3897 a)
195 3821 267 3884 Pisi.
285 3827 330 3883 II.
349 3841 376 3896 7.
462 3823 575 3899 illue.
596 3819 661 3883 XV.
681 3840 727 3883 ιιι

157 3918 272 4010 tom.
298 3917 344 3990 11.
425 3927 478 3956 ··
613 3916 689 3990 ce
