2438 4566
35 435 140 519 firper
152 451 240 510 eum,
258 442 290 497 ee
302 431 399 495 liuore
411 431 716 514 eiursanaiifirmus
733 418 785 513 a).
815 423 934 518 Quem
961 420 1077 485 cim

45 541 244 639 respiciens
263 541 448 637 prophetae
465 545 585 613 locum
608 540 659 613 D.
681 540 826 614 Petrus:
851 532 1103 635 Qui,LXXXV¹¹²

47 653 244 757 inquito),
257 679 390 761 peccata
412 679 520 728 nostra
536 671 601 749 ipse
611 670 746 748 pertulit
765 672 798 729 in
814 628 1091 749 corpore&
1155 685 1160 696 ·

36 786 104 871 fiio
112 784 213 867 super
233 785 370 860 iignum.-
397 785 577 864 urpeccaris
590 786 722 862 mortui,
742 786 867 848 iustitia
889 754 938 847 ui

47 920 186 967 vamur:
215 902 302 960 cuius
327 900 425 960 liuore
435 896 550 977 sanati
562 897 685 978 sumus.
735 902 778 964 Er
802 912 842 964 ut
863 893 937 965 iam

51 1036 102 1083 ex
130 1007 290 1103 Origene
321 996 556 1093 audivimus,
572 1017 674 1078 altera
706 1019 776 1095 die,
806 1034 939 1106 nempe

49 1127 90 1201 in
123 1120 252 1199 coelum
276 1119 477 1210 redituruS,
498 1133 636 1213 protulit
665 1120 755 1195 diros·
772 1136 938 1214 denarios,

50 1264 85 1319 et
106 1252 194 1315 dedit
204 1247 378 1327 stabulario
409 1232 634 1332 (mordearis)
667 1263 698 1311 er
726 1256 795 1330 oie,
832 1272 942 1315 curam

10 1445 18 1451 ..
52 1370 141 1433 iliius
161 1367 256 1443 habe,
285 1377 316 1427 et
336 1366 546 1447 quodcumque
555 1364 843 1446 supererogaveris,
867 1389 942 1449 ego,

53 1506 126 1551 cum
144 1485 281 1560 rediero,
300 1482 427 1544 reddam
446 1480 511 1544 tibi.
557 1471 657 1543 Nihil
677 1472 724 1543 ad
742 1473 941 1551 Ecclesiam

10 1645 14 1653 -
54 1591 300 1676 Catholicam,
321 1588 450 1684 inqua
470 1586 537 1660 toti
556 1588 714 1661 humano
734 1590 857 1685 generi
877 1619 944 1689 per

10 1786 14 1791 ,
53 1710 239 1811 Adamum
268 1705 425 1779 sauciato
456 1707 560 1777 locus
589 1726 641 1777 est
672 1705 711 1777 in
740 1707 943 1781 diversorio

22 1826 118 1905 'feu
157 1824 400 1911 nosocomio,
438 1821 695 1917 designandam
735 1826 852 1921 aptius
890 1846 944 1899 est

10 2030 14 2041 ,
54 1970 150 2023 voce
167 1933 363 2030 morimini
382 1964 428 2015 ex
448 1925 519 2013 ordi
540 1958 576 2011 et
593 1928 741 2039 δέχομαι
758 1942 855 2014 unde
873 1971 945 2017 παν

56 2056 177 2153 duxias
199 2046 419 2154 hospitator:
444 2083 519 2153 quo
542 2056 688 2128 nomine
710 2057 768 2130 hie
794 2057 948 2141 ministri

10 2185 18 2229 .·
56 2179 233 2263 veniunt,
270 2173 400 2271 quibus
430 2173 594 2246 Christus
627 2199 745 2247 curam
771 2175 947 2250 Ecclesiae
1032 2259 1035 2263 ¹

58 2293 254 2381 commisit,
275 2290 578 2388 dispensatoribus
596 2277 844 2388 mysterioium
858 2292 950 2381 Dei,

59 2410 218 2487 salutaris
239 2408 409 2481 doctrinae
429 2427 464 2479 et
482 2409 780 2482 sacramentorum
798 2412 844 2483 ud
863 2406 951 2483 salu-

61 2548 135 2603 tem
153 2522 325 2601 fidelium.
373 2535 431 2597 Hic
453 2537 516 2595 iam
535 2539 679 2617 quaritur
697 2532 777 2598 iuter
795 2538 950 2617 dispeusa-

62 2668 158 2734 iores,
184 2666 220 2716 ut
236 2652 339 2729 fidelis
357 2655 426 2734 quis
448 2654 628 2716 inueniatur
652 2639 708 2731 c),
729 2644 779 2751 gd
802 2644 952 2738 promis·

63 2790 138 2837 sam
155 2788 183 2834 a
204 2759 423 2832 Samaritano
447 2776 592 2846 nostre,
618 2758 884 2846 oum-redierit,
912 2779 954 2833 ut

10 2952 17 2965 ,
63 2878 192 2955 reddat
213 2877 405 2972 unicuique
424 2868 525 2950 iuxta
547 2903 656 2974 opera
679 2879 758 2965 sira,
783 2877 953 2974 recipien-

10 2983 20 3067 .'
67 2999 147 3070 darn
171 2995 394 3067 mercedem:
426 3005 558 3080 Curam,
586 2993 723 3089 inquit,
751 3005 949 3084 ildariam,

10 3122 21 3146 ’“
69 3138 96 3187 et
112 3124 325 3209 quodcumque
333 3119 621 3202 supererogaveris,
637 3138 710 3195 ego,
730 3138 798 3178 cum
815 3122 951 3199 rediero,

70 3240 195 3303 reddam
217 3238 285 3300 ribi.
339 3226 453 3318 Quod
478 3221 669 3298 universim
690 3226 793 3297 etiam
814 3229 859 3297 ad
877 3255 953 3301 orn·

10 3383 17 3437 ·,
72 3346 128 3419 nia
153 3344 293 3443 pietatis
321 3338 462 3428 officia,
497 3366 577 3437 quae
605 3343 755 3439 quisque
780 3346 953 3441 proximo
1009 3368 1012 3373 ‘

10 3447 41 3571 '¹
73 3462 107 3537 in
134 3454 402 3536 necessitatibus
433 3459 672 3557 spiritualibus
699 3478 735 3530 et
764 3464 954 3559 corporali·
1046 3455 1049 3459 ’

17 3593 20 3599 ’
74 3580 139 3653 bus
162 3580 262 3653 iuxta
281 3579 388 3650 totius
409 3577 588 3674 parabolae
611 3595 770 3649 tenorem
792 3598 954 3674 praestat,
988 3648 990 3652 ,

77 3700 229 3795 pertinet
240 3690 300 3785 d):
334 3703 559 3789 Unusquisque,
572 3701 655 3781 ficui
673 3705 791 3782 aceepit
802 3706 954 3783 gratiam,

113 3869 147 3957 e)
169 3880 233 3937 Irni.
257 3876 337 3934 1:111.
364 3893 388 3944 ς.
482 3869 512 3956 i)
533 3877 558 3935 I.
582 3878 653 3934 Prie.
677 3872 717 3929 II.
742 3889 784 3940 24.

163 3962 240 4041 e)l.
267 3963 321 4022 cor.
347 3961 401 4025 m
425 3979 451 4021 2.
547 3964 577 4037 ri)
599 3962 625 4029 Ι,
648 3960 720 4020 ectr.
743 3957 865 4042 Wssg
