2438 4566
260 297 267 317 ⁶
374 279 607 319 “““·““·““
858 310 928 382 291

43 452 174 527 nostro,
202 456 233 512 et
255 448 412 511 brachium
439 434 567 523 Domini
589 439 640 508 cni
665 448 835 510 reoelattnn
861 450 934 511 est?
961 437 1076 502 Cam

48 566 222 647 Propterea
240 585 299 626 non
311 578 457 646 poterant
475 566 610 641 credere,
629 568 705 647 hain
723 569 833 626 iternrn
851 566 935 627 dixit
944 557 1098 624 LXXXIV&

10 729 30 756 -‚
50 684 175 745 natas.-
197 673 374 744 Excecaoz‘t
390 683 493 742 oculas
512 701 634 757 eornm,
658 694 689 742 et
705 682 868 743 induravit
885 702 936 744 cor
951 678 1093 738 W*

46 817 177 876 eoram,
207 810 243 860 ne
262 819 321 861 non
344 800 473 860 videant
494 800 608 873 oculis,
630 802 660 858 et
684 814 743 858 non
764 784 937 874 intelligant
1006 798 1009 803 ’

20 893 161 992 ’ωτάῃ
184 926 215 976 et
232 908 470 990 convertantur,
491 912 642 993 erfonem
664 878 722 975 ios.
775 904 936 997 Quaere·
1017 944 1019 948 ·

51 1041 181 1119 petens
209 1020 259 1091 D
286 1021 416 1093 Paulus
439 1019 522 1092 Act.
550 1019 728 1091 XXVIII.
755 1014 811 1094 26.
848 1022 936 1109 (co·

51 1137 191 1237 piosius
228 1138 338 1210 Rom.
370 1137 437 1210 XI.
471 1162 563 1224 7.e
544 1135 770 1226 edisserens)
809 1138 938 1211 Iudaeis

47 1254 260 1329 denuntiat:
293 1266 407 1326 Notum
427 1281 538 1338 ergoc
508 1259 543 1337 s
541 1275 554 1322 t
570 1266 679 1340 vohis,
707 1268 851 1346 qnoniam
865 1285 937 1342 gen·

52 1384 138 1447 tibns
164 1385 289 1443 missam
315 1391 362 1442 est
387 1367 610 1469 tagstetten
634 1379 704 1442 Dei.
764 1360 805 1440 In
835 1374 937 1468 quod
960 1459 968 1475 ο

52 1489 276 1561 horrendum
294 1484 643 1558 iudicinm'incidissc
659 1486 826 1584 deinceps
840 1488 938 1562 iden*

52 1607 167 1678 tidem
193 1602 417 1698 intelligimus
449 1601 553 1675 etiam
579 1623 702 1696 gentes
730 1608 808 1675 luce
835 1631 938 1677 evan

53 1725 169 1820 gelica
191 1722 392 1832 abutentes.
414 1719 525 1794 veluti
545 1724 746 1830 exemplum
765 1703 939 1794 habemus

50 1864 130 1937 -prae
160 1837 313 1911 acidis
304 1826 341 1908 in
372 1825 514 1908 florent'
492 1836 621 1908 tissima
649 1830 734 1907 olim
764 1836 940 1912 Orientali

54 1955 234 2031 Ecclesia:
256 1954 377 2050 paucis
396 1954 524 2027 abhinc
542 1953 699 2024 saeculis
690 1969 772 2024 rtem
791 1955 827 2025 in
846 1983 941 2051 mag·

58 2100 105 2147 na
129 2071 295 2155 Ecclesiae
318 2071 563 2144 Occidentalis
584 2089 707 2166 parte;
736 2071 821 2142 dum
839 2074 941 2147 vicis·

57 2191 122 2265 sim
147 2191 186 2260 in
209 2187 375 2260 Amerina
399 2213 587 2260 accensum
618 2186 777 2260 est-fidei
807 2193 940 2264 lumen.

23 2338 27 2343 ·
59 2285 292 2385 Nunavero,
323 2309 426 2400 quale
448 2305 551 2377 nobis
573 2307 699 2376 laculo
720 2305 811 2392 hoc,
840 2308 941 2402 quod

60 2423 296 2498 illuminatum
317 2421 384 2492 dici
408 2439 519 2507 amat,
546 2421 724 2492 immineat
743 2423 869 2508 fatum,
894 2423 943 2496 di·

63 2542 185 2615 vinare
211 2540 307 2610 haud
335 2536 480 2608 difficile
506 2555 577 2607 est:
614 2557 718 2630 atquc
745 2539 942 2610 timendum

63 2658 97 2730 in
116 2677 214 2731 tanta
230 2653 505 2751 irreligiositate,
529 2652 802 2748 irreligioneque
821 2676 944 2750 pecca·
981 2683 987 2691 ·
1019 2657 1021 2661 ’

10 2844 12 2849 .
65 2792 137 2849 tum
156 2774 268 2859 ¹illud,
291 2771 393 2866 quod
412 2769 594 2865 hodieque
617 2791 713 2842 tenet
731 2792 944 2846 excaecatum

10 2956 14 2963 .
67 2891 459 2986 Iudaicum'populumt
515 2898 601 2958 Nnnc
621 2917 695 2958 vero
715 2898 837 2961 dicitis:
862 2900 946 2983 Quia·

10 2996 17 3085 i
68 3020 213 3080 videmini
270 3017 433 3076 Peccatum
462 3026 599 3074 oestrum
630 3026 742 3075 manet.¹
815 3006 947 3079 Terret

10 3088 19 3179 i
71 3121 135 3195 iam
151 3125 229 3195 hacc
241 3119 437 3194 Ecclesiam
453 3145 498 3190 ex
515 3119 680 3214 gentibus
695 3141 946 3215 congregatam

10 3268 13 3277 ·
72 3230 255 3325 conditio,
300 3235 468 3332 gentique
504 3235 654 3306 ludaicae
689 3234 772 3306 olim
808 3232 947 3314 funesta

75 3353 201 3429 Christi
228 3353 422 3428 sententia:
457 3361 556 3424 Erant
582 3365 741 3424 novissimi
760 3366 884 3447 primi,
916 3365 946 3447 el

73 3484 161 3571 primi
184 3484 354 3546 novissimi.
