<?xml version="1.0" encoding="UTF-8"?>
<!DOCTYPE html PUBLIC "-//W3C//DTD XHTML 1.0 Transitional//EN"
    "http://www.w3.org/TR/xhtml1/DTD/xhtml1-transitional.dtd">
<html xmlns="http://www.w3.org/1999/xhtml" xml:lang="en" lang="en">
 <head>
  <title>
</title>
<meta http-equiv="Content-Type" content="text/html;charset=utf-8" />
  <meta name='ocr-system' content='tesseract 3.04.00' />
  <meta name='ocr-capabilities' content='ocr_page ocr_carea ocr_par ocr_line ocrx_word'/>
</head>
<body>
  <div class='ocr_page' id='page_1' title='image "./desublimiinevan02gerbgoog_0181.png"; bbox 0 0 2438 4566; ppageno 0'>
   <div class='ocr_carea' id='block_1_1' title="bbox 57 276 1213 3930">
    <p class='ocr_par' dir='ltr' id='par_1_1' title="bbox 57 276 1213 759">
     <span class='ocr_line' id='line_1_1' title="bbox 321 276 870 389; baseline -0.005 -53"><span class='ocrx_word' id='word_1_1' title='bbox 321 288 392 373; x_wconf 77' lang='lat'>17&#39;6</span> <span class='ocrx_word' id='word_1_2' title='bbox 432 287 441 389; x_wconf 9' lang='grc' dir='ltr'>ι’</span> <span class='ocrx_word' id='word_1_3' title='bbox 636 276 870 336; x_wconf 54' lang='grc' dir='ltr'>Ξ</span> 
     </span>
     <span class='ocr_line' id='line_1_2' title="bbox 172 404 1213 531; baseline -0.002 -26"><span class='ocrx_word' id='word_1_4' title='bbox 172 431 288 496; x_wconf 62' lang='grc' dir='ltr'>(ἶυῦῐ</span> <span class='ocrx_word' id='word_1_5' title='bbox 317 455 352 506; x_wconf 90' lang='lat' dir='ltr'>et</span> <span class='ocrx_word' id='word_1_6' title='bbox 366 430 595 508; x_wconf 86' lang='lat' dir='ltr'>obsecutores</span> <span class='ocrx_word' id='word_1_7' title='bbox 608 433 682 505; x_wconf 92' lang='lat' dir='ltr'>Dei</span> <span class='ocrx_word' id='word_1_8' title='bbox 694 436 844 531; x_wconf 78' lang='lat' dir='ltr'>praefert.</span> <span class='ocrx_word' id='word_1_9' title='bbox 868 434 963 508; x_wconf 89' lang='lat' dir='ltr'>Nam</span> <span class='ocrx_word' id='word_1_10' title='bbox 979 460 1047 509; x_wconf 88' lang='lat' dir='ltr'>nec</span> <span class='ocrx_word' id='word_1_11' title='bbox 1058 404 1184 511; x_wconf 55' lang='lat' dir='ltr'>hicnias</span> <span class='ocrx_word' id='word_1_12' title='bbox 1210 437 1213 503; x_wconf 81' lang='lat' dir='ltr'>i</span> 
     </span>
     <span class='ocr_line' id='line_1_3' title="bbox 57 547 1213 651; baseline 0.004 -28"><span class='ocrx_word' id='word_1_13' title='bbox 57 547 61 552; x_wconf 65' lang='grc'><em>’</em></span> <span class='ocrx_word' id='word_1_14' title='bbox 175 555 279 616; x_wconf 78' lang='lat' dir='ltr'>Lxlll.</span> <span class='ocrx_word' id='word_1_15' title='bbox 317 571 370 624; x_wconf 90' lang='lat' dir='ltr'>ter</span> <span class='ocrx_word' id='word_1_16' title='bbox 395 554 576 626; x_wconf 86' lang='lat' dir='ltr'>assistebat</span> <span class='ocrx_word' id='word_1_17' title='bbox 596 552 655 624; x_wconf 53' lang='lat' dir='ltr'>illia</span> <span class='ocrx_word' id='word_1_18' title='bbox 705 553 814 624; x_wconf 86' lang='lat' dir='ltr'>Adeo</span> <span class='ocrx_word' id='word_1_19' title='bbox 835 579 901 625; x_wconf 89' lang='lat' dir='ltr'>rrec</span> <span class='ocrx_word' id='word_1_20' title='bbox 926 574 1021 626; x_wconf 89' lang='lat' dir='ltr'>retro</span> <span class='ocrx_word' id='word_1_21' title='bbox 1047 556 1213 651; x_wconf 78' lang='lat' dir='ltr'>negavet</span> 
     </span>
     <span class='ocr_line' id='line_1_4' title="bbox 156 669 1213 759; baseline 0.003 -17"><span class='ocrx_word' id='word_1_22' title='bbox 156 670 301 732; x_wconf 65' lang='lat' dir='ltr'>“W</span> <span class='ocrx_word' id='word_1_23' title='bbox 317 691 388 757; x_wconf 88' lang='lat' dir='ltr'>rat,</span> <span class='ocrx_word' id='word_1_24' title='bbox 414 691 516 743; x_wconf 91' lang='lat' dir='ltr'>utne</span> <span class='ocrx_word' id='word_1_25' title='bbox 536 689 609 742; x_wconf 90' lang='lat' dir='ltr'>tum</span> <span class='ocrx_word' id='word_1_26' title='bbox 631 690 712 742; x_wconf 89' lang='lat' dir='ltr'>curn</span> <span class='ocrx_word' id='word_1_27' title='bbox 730 669 766 740; x_wconf 95' lang='lat' dir='ltr'>id</span> <span class='ocrx_word' id='word_1_28' title='bbox 784 696 904 744; x_wconf 84' lang='lat' dir='ltr'>rursus</span> <span class='ocrx_word' id='word_1_29' title='bbox 927 673 1051 759; x_wconf 83' lang='lat' dir='ltr'>audit3</span> <span class='ocrx_word' id='word_1_30' title='bbox 1075 699 1182 745; x_wconf 79' lang='lat' dir='ltr'>rursus</span> <span class='ocrx_word' id='word_1_31' title='bbox 1206 672 1213 702; x_wconf 71' lang='lat'>⁷</span> 
     </span>
    </p>

    <p class='ocr_par' dir='ltr' id='par_1_2' title="bbox 244 778 1179 884">
     <span class='ocr_line' id='line_1_5' title="bbox 244 778 1179 884; baseline 0.003 -26"><span class='ocrx_word' id='word_1_32' title='bbox 244 778 256 806; x_wconf 76' lang='lat'><em>⁴</em></span> <span class='ocrx_word' id='word_1_33' title='bbox 315 787 468 884; x_wconf 86' lang='lat' dir='ltr'>proinde</span> <span class='ocrx_word' id='word_1_34' title='bbox 498 786 696 859; x_wconf 78' lang='lat' dir='ltr'><strong>felicitatem</strong></span> <span class='ocrx_word' id='word_1_35' title='bbox 726 782 773 859; x_wconf 93' lang='lat' dir='ltr'>ab</span> <span class='ocrx_word' id='word_1_36' title='bbox 797 807 922 874; x_wconf 89' lang='lat' dir='ltr'>utero,</span> <span class='ocrx_word' id='word_1_37' title='bbox 960 810 995 861; x_wconf 93' lang='lat' dir='ltr'>et</span> <span class='ocrx_word' id='word_1_38' title='bbox 1024 790 1179 862; x_wconf 74' lang='lat' dir='ltr'>uberibus</span> 
     </span>
    </p>

    <p class='ocr_par' dir='ltr' id='par_1_3' title="bbox 316 899 1178 1002">
     <span class='ocr_line' id='line_1_6' title="bbox 316 899 1178 1002; baseline 0.002 -26"><span class='ocrx_word' id='word_1_39' title='bbox 316 905 434 977; x_wconf 89' lang='lat' dir='ltr'>matris</span> <span class='ocrx_word' id='word_1_40' title='bbox 458 905 531 975; x_wconf 83' lang='lat' dir='ltr'>-suae</span> <span class='ocrx_word' id='word_1_41' title='bbox 560 899 736 976; x_wconf 75' lang='lat' dir='ltr'>transtulit</span> <span class='ocrx_word' id='word_1_42' title='bbox 761 899 800 973; x_wconf 88' lang='lat' dir='ltr'>in</span> <span class='ocrx_word' id='word_1_43' title='bbox 830 902 1050 1001; x_wconf 82' lang='lat' dir='ltr'>discipulos;</span> <span class='ocrx_word' id='word_1_44' title='bbox 1077 933 1099 978; x_wconf 89' lang='lat' dir='ltr'>a</span> <span class='ocrx_word' id='word_1_45' title='bbox 1121 932 1178 1002; x_wconf 84' lang='lat' dir='ltr'>qua</span> 
     </span>
    </p>

    <p class='ocr_par' dir='ltr' id='par_1_4' title="bbox 317 1018 1176 1106">
     <span class='ocr_line' id='line_1_7' title="bbox 317 1018 1176 1106; baseline -0.003 -12"><span class='ocrx_word' id='word_1_46' title='bbox 317 1047 392 1094; x_wconf 92' lang='lat' dir='ltr'>non</span> <span class='ocrx_word' id='word_1_47' title='bbox 427 1018 681 1106; x_wconf 83' lang='lat' dir='ltr'><strong>transtulisset,</strong></span> <span class='ocrx_word' id='word_1_48' title='bbox 721 1018 749 1093; x_wconf 91' lang='lat' dir='ltr'>si</span> <span class='ocrx_word' id='word_1_49' title='bbox 774 1046 860 1092; x_wconf 80' lang='lat' dir='ltr'>¹eam</span> <span class='ocrx_word' id='word_1_50' title='bbox 890 1049 966 1094; x_wconf 94' lang='lat' dir='ltr'>non</span> <span class='ocrx_word' id='word_1_51' title='bbox 997 1018 1176 1096; x_wconf 60' lang='lat' dir='ltr'>baberet‘l</span> 
     </span>
    </p>

    <p class='ocr_par' dir='ltr' id='par_1_5' title="bbox 314 1131 1174 1213">
     <span class='ocr_line' id='line_1_8' title="bbox 314 1131 1174 1213; baseline 0.003 -5"><span class='ocrx_word' id='word_1_52' title='bbox 314 1137 511 1210; x_wconf 89' lang='lat' dir='ltr'>Dissertius</span> <span class='ocrx_word' id='word_1_53' title='bbox 541 1137 573 1208; x_wconf 88' lang='lat' dir='ltr'>S.</span> <span class='ocrx_word' id='word_1_54' title='bbox 599 1131 753 1209; x_wconf 86' lang='lat' dir='ltr'>Hilarius¹</span> <span class='ocrx_word' id='word_1_55' title='bbox 779 1136 817 1208; x_wconf 91' lang='lat' dir='ltr'>in</span> <span class='ocrx_word' id='word_1_56' title='bbox 847 1138 882 1208; x_wconf 73' lang='lat' dir='ltr'>lu</span> <span class='ocrx_word' id='word_1_57' title='bbox 913 1142 934 1210; x_wconf 94' lang='lat' dir='ltr'>l.</span> <span class='ocrx_word' id='word_1_58' title='bbox 965 1160 1001 1212; x_wconf 91' lang='lat' dir='ltr'>et</span> <span class='ocrx_word' id='word_1_59' title='bbox 1031 1141 1174 1213; x_wconf 86' lang='lat' dir='ltr'>ordinem</span> 
     </span>
    </p>

    <p class='ocr_par' dir='ltr' id='par_1_6' title="bbox 315 1252 1173 1350">
     <span class='ocr_line' id='line_1_9' title="bbox 315 1252 1173 1350; baseline 0 -24"><span class='ocrx_word' id='word_1_60' title='bbox 315 1253 518 1327; x_wconf 88' lang='lat' dir='ltr'>officiorum</span> <span class='ocrx_word' id='word_1_61' title='bbox 542 1279 627 1350; x_wconf 78' lang='lat' dir='ltr'>erga</span> <span class='ocrx_word' id='word_1_62' title='bbox 646 1252 768 1326; x_wconf 88' lang='lat' dir='ltr'>Deum</span> <span class='ocrx_word' id='word_1_63' title='bbox 791 1275 827 1327; x_wconf 92' lang='lat' dir='ltr'>et</span> <span class='ocrx_word' id='word_1_64' title='bbox 845 1252 1008 1328; x_wconf 84' lang='lat' dir='ltr'>homines</span> <span class='ocrx_word' id='word_1_65' title='bbox 1029 1257 1067 1330; x_wconf 90' lang='lat' dir='ltr'>in</span> <span class='ocrx_word' id='word_1_66' title='bbox 1089 1272 1173 1331; x_wconf 80' lang='lat' dir='ltr'>evan·</span> 
     </span>
    </p>

    <p class='ocr_par' dir='ltr' id='par_1_7' title="bbox 313 1370 1174 1468">
     <span class='ocr_line' id='line_1_10' title="bbox 313 1370 1174 1468; baseline 0.002 -26"><span class='ocrx_word' id='word_1_67' title='bbox 313 1371 441 1467; x_wconf 77' lang='lat' dir='ltr'>gelica&#39;</span> <span class='ocrx_word' id='word_1_68' title='bbox 458 1371 649 1444; x_wconf 88' lang='lat' dir='ltr'>dilectione</span> <span class='ocrx_word' id='word_1_69' title='bbox 678 1371 856 1468; x_wconf 84' lang='lat' dir='ltr'>explicat,-</span> <span class='ocrx_word' id='word_1_70' title='bbox 893 1395 927 1446; x_wconf 92' lang='lat' dir='ltr'>et</span> <span class='ocrx_word' id='word_1_71' title='bbox 959 1375 1078 1447; x_wconf 88' lang='lat' dir='ltr'>matris</span> <span class='ocrx_word' id='word_1_72' title='bbox 1116 1370 1174 1445; x_wconf 84' lang='lat' dir='ltr'>Dei</span> 
     </span>
    </p>

    <p class='ocr_par' dir='ltr' id='par_1_8' title="bbox 315 1481 1174 1586">
     <span class='ocr_line' id='line_1_11' title="bbox 315 1481 1174 1586; baseline -0.001 -25"><span class='ocrx_word' id='word_1_73' title='bbox 315 1489 502 1584; x_wconf 82' lang='lat' dir='ltr'>dignitati,</span> <span class='ocrx_word' id='word_1_74' title='bbox 528 1481 803 1584; x_wconf 77' lang='lat' dir='ltr'>reverentiaeque</span> <span class='ocrx_word' id='word_1_75' title='bbox 828 1486 1001 1563; x_wconf 67' lang='lat' dir='ltr'>consulite</span> <span class='ocrx_word' id='word_1_76' title='bbox 1038 1491 1174 1586; x_wconf 67' lang='lat' dir='ltr'>„Quia⁸</span> 
     </span>
    </p>

    <p class='ocr_par' dir='ltr' id='par_1_9' title="bbox 312 1602 1173 1702">
     <span class='ocr_line' id='line_1_12' title="bbox 312 1602 1173 1702; baseline 0 -25"><span class='ocrx_word' id='word_1_77' title='bbox 312 1602 507 1702; x_wconf 83' lang='lat' dir='ltr'>inquito),</span> <span class='ocrx_word' id='word_1_78' title='bbox 532 1626 644 1679; x_wconf 90' lang='lat' dir='ltr'>toturn</span> <span class='ocrx_word' id='word_1_79' title='bbox 662 1602 752 1678; x_wconf 91' lang='lat' dir='ltr'>illud</span> <span class='ocrx_word' id='word_1_80' title='bbox 773 1605 809 1676; x_wconf 91' lang='lat' dir='ltr'>in</span> <span class='ocrx_word' id='word_1_81' title='bbox 826 1627 980 1702; x_wconf 86' lang='lat' dir='ltr'>paternae</span> <span class='ocrx_word' id='word_1_82' title='bbox 1003 1605 1173 1682; x_wconf 80' lang='lat' dir='ltr'>maiestatis</span> 
     </span>
    </p>

    <p class='ocr_par' dir='ltr' id='par_1_10' title="bbox 314 1718 1173 1821">
     <span class='ocr_line' id='line_1_13' title="bbox 314 1718 1173 1821; baseline 0.003 -27"><span class='ocrx_word' id='word_1_83' title='bbox 314 1724 446 1796; x_wconf 85' lang='lat' dir='ltr'>virtute</span> <span class='ocrx_word' id='word_1_84' title='bbox 479 1727 708 1818; x_wconf 84' lang='lat' dir='ltr'>loqueretur,</span> <span class='ocrx_word' id='word_1_85' title='bbox 753 1719 927 1795; x_wconf 85' lang='lat' dir='ltr'>nuntianti</span> <span class='ocrx_word' id='word_1_86' title='bbox 946 1734 947 1739; x_wconf 77' lang='grc'>’</span> <span class='ocrx_word' id='word_1_87' title='bbox 963 1718 1050 1813; x_wconf 87' lang='lat' dir='ltr'>fibi,</span> <span class='ocrx_word' id='word_1_88' title='bbox 1088 1720 1173 1821; x_wconf 86' lang='lat' dir='ltr'>quod</span> 
     </span>
    </p>

    <p class='ocr_par' dir='ltr' id='par_1_11' title="bbox 313 1822 1184 1941">
     <span class='ocr_line' id='line_1_14' title="bbox 313 1822 1184 1941; baseline -0.005 -26"><span class='ocrx_word' id='word_1_89' title='bbox 313 1841 399 1915; x_wconf 84' lang='lat' dir='ltr'>loris</span> <span class='ocrx_word' id='word_1_90' title='bbox 425 1867 446 1912; x_wconf 88' lang='lat' dir='ltr'>a</span> <span class='ocrx_word' id='word_1_91' title='bbox 469 1859 580 1912; x_wconf 85' lang='lat' dir='ltr'>matre</span> <span class='ocrx_word' id='word_1_92' title='bbox 610 1858 717 1934; x_wconf 87' lang='lat' dir='ltr'>atque</span> <span class='ocrx_word' id='word_1_93' title='bbox 741 1836 944 1914; x_wconf 82' lang='lat' dir='ltr'>afratribus</span> <span class='ocrx_word' id='word_1_94' title='bbox 972 1822 1184 1941; x_wconf 68' lang='lat' dir='ltr'>exspectare¹</span> 
     </span>
    </p>

    <p class='ocr_par' dir='ltr' id='par_1_12' title="bbox 237 1954 1184 2053">
     <span class='ocr_line' id='line_1_15' title="bbox 237 1954 1184 2053; baseline -0.002 -25"><span class='ocrx_word' id='word_1_95' title='bbox 237 1970 242 1974; x_wconf 84' lang='grc'><strong>’</strong></span> <span class='ocrx_word' id='word_1_96' title='bbox 312 1975 383 2044; x_wconf 90' lang='lat' dir='ltr'>tur,</span> <span class='ocrx_word' id='word_1_97' title='bbox 401 1978 546 2030; x_wconf 86' lang='lat' dir='ltr'>manum</span> <span class='ocrx_word' id='word_1_98' title='bbox 559 1956 597 2028; x_wconf 89' lang='lat' dir='ltr'>in</span> <span class='ocrx_word' id='word_1_99' title='bbox 612 1955 806 2053; x_wconf 87' lang='lat' dir='ltr'>discipulos</span> <span class='ocrx_word' id='word_1_100' title='bbox 822 1959 1033 2047; x_wconf 86' lang='lat' dir='ltr'>extendens,</span> <span class='ocrx_word' id='word_1_101' title='bbox 1049 1987 1109 2033; x_wconf 89' lang='lat' dir='ltr'>eos</span> <span class='ocrx_word' id='word_1_102' title='bbox 1125 1954 1184 2039; x_wconf 81' lang='lat' dir='ltr'>libi¹</span> 
     </span>
    </p>

    <p class='ocr_par' dir='ltr' id='par_1_13' title="bbox 312 2075 1172 2173">
     <span class='ocr_line' id='line_1_16' title="bbox 312 2075 1172 2173; baseline -0.002 -27"><span class='ocrx_word' id='word_1_103' title='bbox 312 2075 519 2147; x_wconf 81' lang='lat' dir='ltr'>fratresesse</span> <span class='ocrx_word' id='word_1_104' title='bbox 528 2091 746 2168; x_wconf 83' lang='lat' dir='ltr'>matremque</span> <span class='ocrx_word' id='word_1_105' title='bbox 762 2076 966 2170; x_wconf 82' lang='lat' dir='ltr'>respondit;</span> <span class='ocrx_word' id='word_1_106' title='bbox 988 2097 1024 2148; x_wconf 88' lang='lat' dir='ltr'>et</span> <span class='ocrx_word' id='word_1_107' title='bbox 1042 2078 1172 2173; x_wconf 84' lang='lat' dir='ltr'>quicun-</span> 
     </span>
    </p>

    <p class='ocr_par' dir='ltr' id='par_1_14' title="bbox 266 2191 1213 3930">
     <span class='ocr_line' id='line_1_17' title="bbox 266 2191 1181 2290; baseline -0.001 -28"><span class='ocrx_word' id='word_1_108' title='bbox 266 2286 270 2290; x_wconf 78' lang='lat'><strong>.</strong></span> <span class='ocrx_word' id='word_1_109' title='bbox 311 2217 382 2287; x_wconf 90' lang='lat' dir='ltr'>que</span> <span class='ocrx_word' id='word_1_110' title='bbox 398 2193 574 2264; x_wconf 89' lang='lat' dir='ltr'>voluntati</span> <span class='ocrx_word' id='word_1_111' title='bbox 594 2210 748 2288; x_wconf 86' lang='lat' dir='ltr'>paternae</span> <span class='ocrx_word' id='word_1_112' title='bbox 767 2191 961 2265; x_wconf 88' lang='lat' dir='ltr'>obsecutus</span> <span class='ocrx_word' id='word_1_113' title='bbox 980 2213 1089 2282; x_wconf 89' lang='lat' dir='ltr'>esset,</span> <span class='ocrx_word' id='word_1_114' title='bbox 1102 2196 1181 2265; x_wconf 83' lang='lat' dir='ltr'>&#39;eun</span> 
     </span>
     <span class='ocr_line' id='line_1_18' title="bbox 313 2303 1192 2397; baseline -0.005 -17"><span class='ocrx_word' id='word_1_115' title='bbox 313 2334 390 2380; x_wconf 91' lang='lat' dir='ltr'>esse</span> <span class='ocrx_word' id='word_1_116' title='bbox 417 2328 452 2379; x_wconf 92' lang='lat' dir='ltr'>et</span> <span class='ocrx_word' id='word_1_117' title='bbox 477 2303 640 2396; x_wconf 79' lang='lat' dir='ltr'>fratrem,</span> <span class='ocrx_word' id='word_1_118' title='bbox 676 2326 713 2381; x_wconf 83' lang='lat' dir='ltr'>et</span> <span class='ocrx_word' id='word_1_119' title='bbox 740 2304 921 2397; x_wconf 86' lang='lat' dir='ltr'>sororem,</span> <span class='ocrx_word' id='word_1_120' title='bbox 956 2330 991 2383; x_wconf 86' lang='lat' dir='ltr'>et</span> <span class='ocrx_word' id='word_1_121' title='bbox 1016 2326 1192 2386; x_wconf 77' lang='lat' dir='ltr'>manent·-</span> 
     </span>
     <span class='ocr_line' id='line_1_19' title="bbox 309 2426 1173 2524; baseline -0.005 -24"><span class='ocrx_word' id='word_1_122' title='bbox 309 2427 462 2500; x_wconf 75' lang='lat' dir='ltr'>formam</span> <span class='ocrx_word' id='word_1_123' title='bbox 483 2426 636 2524; x_wconf 86' lang='lat' dir='ltr'>seipsum</span> <span class='ocrx_word' id='word_1_124' title='bbox 662 2427 833 2501; x_wconf 87' lang='lat' dir='ltr'>universis</span> <span class='ocrx_word' id='word_1_125' title='bbox 860 2427 1014 2522; x_wconf 74' lang='lat' dir='ltr'>agendi,</span> <span class='ocrx_word' id='word_1_126' title='bbox 1040 2426 1173 2500; x_wconf 76' lang='lat' dir='ltr'>sentien-</span> 
     </span>
     <span class='ocr_line' id='line_1_20' title="bbox 309 2544 1190 2642; baseline -0.002 -26"><span class='ocrx_word' id='word_1_127' title='bbox 309 2545 418 2640; x_wconf 91' lang='lat' dir='ltr'>dique</span> <span class='ocrx_word' id='word_1_128' title='bbox 436 2546 672 2632; x_wconf 78' lang='lat' dir='ltr'>constituens,</span> <span class='ocrx_word' id='word_1_129' title='bbox 699 2544 1001 2642; x_wconf 84' lang='lat' dir='ltr'>propinquitatum·</span> <span class='ocrx_word' id='word_1_130' title='bbox 1026 2545 1190 2617; x_wconf 86' lang='lat' dir='ltr'>omnium&#39;</span> 
     </span>
     <span class='ocr_line' id='line_1_21' title="bbox 307 2661 1170 2757; baseline -0.007 -23"><span class='ocrx_word' id='word_1_131' title='bbox 307 2663 382 2748; x_wconf 92' lang='lat' dir='ltr'>ius,</span> <span class='ocrx_word' id='word_1_132' title='bbox 409 2683 517 2757; x_wconf 89' lang='lat' dir='ltr'>atque</span> <span class='ocrx_word' id='word_1_133' title='bbox 542 2688 694 2746; x_wconf 90' lang='lat' dir='ltr'>nomen,</span> <span class='ocrx_word' id='word_1_134' title='bbox 720 2662 789 2732; x_wconf 89' lang='lat' dir='ltr'>ianr</span> <span class='ocrx_word' id='word_1_135' title='bbox 814 2661 957 2733; x_wconf 92' lang='lat' dir='ltr'>nonde</span> <span class='ocrx_word' id='word_1_136' title='bbox 978 2663 1170 2734; x_wconf 88' lang='lat' dir='ltr'>conditione</span> 
     </span>
     <span class='ocr_line' id='line_1_22' title="bbox 306 2775 1170 2863; baseline -0.005 -13"><span class='ocrx_word' id='word_1_137' title='bbox 306 2778 494 2863; x_wconf 90' lang='lat' dir='ltr'>nascendi,</span> <span class='ocrx_word' id='word_1_138' title='bbox 520 2779 581 2848; x_wconf 86' lang='lat' dir='ltr'>sed</span> <span class='ocrx_word' id='word_1_139' title='bbox 599 2778 645 2847; x_wconf 91' lang='lat' dir='ltr'>de</span> <span class='ocrx_word' id='word_1_140' title='bbox 661 2776 830 2850; x_wconf 74' lang='lat' dir='ltr'>Ecclesiae</span> <span class='ocrx_word' id='word_1_141' title='bbox 854 2775 1109 2852; x_wconf 87' lang='lat' dir='ltr'>communione</span> <span class='ocrx_word' id='word_1_142' title='bbox 1130 2802 1170 2848; x_wconf 90' lang='lat' dir='ltr'>re·</span> 
     </span>
     <span class='ocr_line' id='line_1_23' title="bbox 305 2887 1171 2969; baseline -0.002 -3"><span class='ocrx_word' id='word_1_143' title='bbox 305 2893 502 2966; x_wconf 90' lang='lat' dir='ltr'>tinendum.</span> <span class='ocrx_word' id='word_1_144' title='bbox 542 2892 721 2963; x_wconf 80' lang='lat' dir='ltr'>Caeterum</span> <span class='ocrx_word' id='word_1_145' title='bbox 748 2919 824 2964; x_wconf 89' lang='lat' dir='ltr'>non</span> <span class='ocrx_word' id='word_1_146' title='bbox 844 2887 1027 2969; x_wconf 82' lang='lat' dir='ltr'>fastidiose</span> <span class='ocrx_word' id='word_1_147' title='bbox 1050 2898 1095 2969; x_wconf 95' lang='lat' dir='ltr'>de</span> <span class='ocrx_word' id='word_1_148' title='bbox 1115 2919 1171 2967; x_wconf 71' lang='lat' dir='ltr'>ma-</span> 
     </span>
     <span class='ocr_line' id='line_1_24' title="bbox 303 3002 1170 3099; baseline -0.002 -17"><span class='ocrx_word' id='word_1_149' title='bbox 303 3029 358 3083; x_wconf 90' lang='lat' dir='ltr'>tre</span> <span class='ocrx_word' id='word_1_150' title='bbox 395 3009 455 3081; x_wconf 87' lang='lat' dir='ltr'>sua</span> <span class='ocrx_word' id='word_1_151' title='bbox 485 3003 634 3082; x_wconf 81' lang='lat' dir='ltr'>sensisse</span> <span class='ocrx_word' id='word_1_152' title='bbox 666 3002 920 3084; x_wconf 83' lang='lat' dir='ltr'>existimandus</span> <span class='ocrx_word' id='word_1_153' title='bbox 951 3032 1025 3099; x_wconf 90' lang='lat' dir='ltr'>est,</span> <span class='ocrx_word' id='word_1_154' title='bbox 1062 3013 1118 3087; x_wconf 89' lang='lat' dir='ltr'>cui</span> <span class='ocrx_word' id='word_1_155' title='bbox 1141 3010 1170 3081; x_wconf 91' lang='lat' dir='ltr'>in</span> 
     </span>
     <span class='ocr_line' id='line_1_25' title="bbox 302 3121 1171 3227; baseline -0.001 -26"><span class='ocrx_word' id='word_1_156' title='bbox 302 3128 471 3227; x_wconf 88' lang='lat' dir='ltr'>passione</span> <span class='ocrx_word' id='word_1_157' title='bbox 499 3121 637 3225; x_wconf 90' lang='lat' dir='ltr'>positus</span> <span class='ocrx_word' id='word_1_158' title='bbox 665 3123 825 3199; x_wconf 83' lang='lat' dir='ltr'>maximae</span> <span class='ocrx_word' id='word_1_159' title='bbox 852 3122 1098 3202; x_wconf 83' lang='lat' dir='ltr'>sollicitudinis</span> <span class='ocrx_word' id='word_1_160' title='bbox 1126 3124 1171 3200; x_wconf 90' lang='lat' dir='ltr'>tri·</span> 
     </span>
     <span class='ocr_line' id='line_1_26' title="bbox 303 3234 1170 3343; baseline -0.008 -22"><span class='ocrx_word' id='word_1_161' title='bbox 303 3234 422 3321; x_wconf 87' lang='lat' dir='ltr'>buerit</span> <span class='ocrx_word' id='word_1_162' title='bbox 439 3247 615 3319; x_wconf 48' lang='lat' dir='ltr'>affectnms</span> <span class='ocrx_word' id='word_1_163' title='bbox 628 3248 650 3282; x_wconf 85' lang='lat'><strong>“</strong></span> <span class='ocrx_word' id='word_1_164' title='bbox 707 3245 888 3342; x_wconf 83' lang='lat' dir='ltr'>Argutant</span> <span class='ocrx_word' id='word_1_165' title='bbox 909 3246 992 3335; x_wconf 77' lang='lat' dir='ltr'>hic,</span> <span class='ocrx_word' id='word_1_166' title='bbox 1020 3247 1119 3343; x_wconf 92' lang='lat' dir='ltr'>quod</span> <span class='ocrx_word' id='word_1_167' title='bbox 1137 3243 1170 3314; x_wconf 92' lang='lat' dir='ltr'>in</span> 
     </span>
     <span class='ocr_line' id='line_1_27' title="bbox 303 3358 1173 3460; baseline -0.006 -23"><span class='ocrx_word' id='word_1_168' title='bbox 303 3389 409 3437; x_wconf 85' lang='lat' dir='ltr'>cruce</span> <span class='ocrx_word' id='word_1_169' title='bbox 429 3358 613 3436; x_wconf 80' lang='lat' dir='ltr'>mulierem·</span> <span class='ocrx_word' id='word_1_170' title='bbox 634 3367 789 3460; x_wconf 88' lang='lat' dir='ltr'>appellet</span> <span class='ocrx_word' id='word_1_171' title='bbox 809 3363 993 3452; x_wconf 87' lang='lat' dir='ltr'>Christus,</span> <span class='ocrx_word' id='word_1_172' title='bbox 1012 3368 1091 3437; x_wconf 86' lang='lat' dir='ltr'>non</span> <span class='ocrx_word' id='word_1_173' title='bbox 1114 3385 1173 3435; x_wconf 86' lang='lat' dir='ltr'>rna·</span> 
     </span>
     <span class='ocr_line' id='line_1_28' title="bbox 302 3448 1213 3575; baseline -0.008 -20"><span class='ocrx_word' id='word_1_174' title='bbox 302 3503 403 3555; x_wconf 90' lang='lat' dir='ltr'>trem.</span> <span class='ocrx_word' id='word_1_175' title='bbox 480 3478 554 3551; x_wconf 91' lang='lat' dir='ltr'>Ubi</span> <span class='ocrx_word' id='word_1_176' title='bbox 585 3500 727 3569; x_wconf 73' lang='lat' dir='ltr'>tamen,</span> <span class='ocrx_word' id='word_1_177' title='bbox 765 3480 853 3551; x_wconf 87' lang='lat' dir='ltr'>ficut</span> <span class='ocrx_word' id='word_1_178' title='bbox 878 3476 1014 3554; x_wconf 80' lang='lat' dir='ltr'>summi·</span> <span class='ocrx_word' id='word_1_179' title='bbox 1035 3448 1213 3575; x_wconf 46' lang='lat' dir='ltr'>materni*</span> 
     </span>
     <span class='ocr_line' id='line_1_29' title="bbox 303 3596 1213 3711; baseline -0.005 -39"><span class='ocrx_word' id='word_1_180' title='bbox 303 3600 450 3672; x_wconf 82' lang='lat' dir='ltr'>affectus</span> <span class='ocrx_word' id='word_1_181' title='bbox 468 3609 714 3694; x_wconf 83' lang='lat' dir='ltr'>argumentum</span> <span class='ocrx_word' id='word_1_182' title='bbox 735 3596 918 3692; x_wconf 86' lang='lat' dir='ltr'>praebebat</span> <span class='ocrx_word' id='word_1_183' title='bbox 936 3599 1080 3689; x_wconf 83' lang='lat' dir='ltr'>Maria,</span> <span class='ocrx_word' id='word_1_184' title='bbox 1104 3617 1170 3694; x_wconf 75' lang='lat' dir='ltr'>qua</span> <span class='ocrx_word' id='word_1_185' title='bbox 1189 3626 1213 3711; x_wconf 43' lang='grc' dir='ltr'>τι.</span> 
     </span>
     <span class='ocr_line' id='line_1_30' title="bbox 302 3709 1213 3811; baseline -0.005 -23"><span class='ocrx_word' id='word_1_186' title='bbox 302 3715 550 3788; x_wconf 81' lang='lat' dir='ltr'>recedentibus</span> <span class='ocrx_word' id='word_1_187' title='bbox 569 3714 681 3788; x_wconf 87' lang='lat' dir='ltr'>charis</span> <span class='ocrx_word' id='word_1_188' title='bbox 699 3709 881 3811; x_wconf 91' lang='lat' dir='ltr'>discipulis</span> <span class='ocrx_word' id='word_1_189' title='bbox 899 3711 973 3788; x_wconf 81' lang='lat' dir='ltr'>sOIa</span> <span class='ocrx_word' id='word_1_190' title='bbox 993 3716 1059 3790; x_wconf 88' lang='lat' dir='ltr'>sub</span> <span class='ocrx_word' id='word_1_191' title='bbox 1080 3735 1171 3790; x_wconf 85' lang='lat' dir='ltr'>cruce</span> <span class='ocrx_word' id='word_1_192' title='bbox 1190 3714 1213 3725; x_wconf 86' lang='grc'><strong>”</strong></span> 
     </span>
     <span class='ocr_line' id='line_1_31' title="bbox 300 3828 1198 3930; baseline 0.004 -23"><span class='ocrx_word' id='word_1_193' title='bbox 300 3831 416 3907; x_wconf 83' lang='lat' dir='ltr'>stabat</span> <span class='ocrx_word' id='word_1_194' title='bbox 437 3858 517 3905; x_wconf 89' lang='lat' dir='ltr'>cum</span> <span class='ocrx_word' id='word_1_195' title='bbox 537 3832 731 3930; x_wconf 86' lang='lat' dir='ltr'>discipu10‚</span> <span class='ocrx_word' id='word_1_196' title='bbox 758 3828 863 3929; x_wconf 73' lang='lat' dir='ltr'>qu&#39;em</span> <span class='ocrx_word' id='word_1_197' title='bbox 876 3831 1057 3928; x_wconf 87' lang='lat' dir='ltr'>diligebat</span> <span class='ocrx_word' id='word_1_198' title='bbox 1074 3834 1171 3919; x_wconf 75' lang='lat' dir='ltr'>lesus,</span> <span class='ocrx_word' id='word_1_199' title='bbox 1191 3836 1198 3911; x_wconf 75' lang='grc' dir='ltr'>ἶ</span> 
     </span>
    </p>
   </div>
   <div class='ocr_carea' id='block_1_2' title="bbox 335 3943 1213 4067">
    <p class='ocr_par' dir='ltr' id='par_1_15' title="bbox 335 3943 1213 4067">
     <span class='ocr_line' id='line_1_32' title="bbox 335 3943 1213 4067; baseline 0.006 -29"><span class='ocrx_word' id='word_1_200' title='bbox 335 3979 377 4061; x_wconf 58' lang='grc' dir='ltr'>7ιι)</span> <span class='ocrx_word' id='word_1_201' title='bbox 404 3943 534 4047; x_wconf 73' lang='lat' dir='ltr'>cmvim.</span> <span class='ocrx_word' id='word_1_202' title='bbox 557 3985 587 4041; x_wconf 79' lang='lat' dir='ltr'>r‘n</span> <span class='ocrx_word' id='word_1_203' title='bbox 605 3983 708 4045; x_wconf 49' lang='lat' dir='ltr'>¹Manli.</span> <span class='ocrx_word' id='word_1_204' title='bbox 730 4001 753 4042; x_wconf 81' lang='lat' dir='ltr'>t.</span> <span class='ocrx_word' id='word_1_205' title='bbox 768 3982 877 4046; x_wconf 56' lang='lat' dir='ltr'>‘lm</span> <span class='ocrx_word' id='word_1_206' title='bbox 900 3999 944 4054; x_wconf 72' lang='lat'>24.</span> <span class='ocrx_word' id='word_1_207' title='bbox 965 3997 994 4058; x_wconf 70' lang='lat' dir='ltr'>p.</span> <span class='ocrx_word' id='word_1_208' title='bbox 1020 3989 1086 4058; x_wconf 78' lang='lat'>675.</span> <span class='ocrx_word' id='word_1_209' title='bbox 1183 3959 1213 4067; x_wconf 46' lang='grc' dir='ltr'><strong>ζ</strong></span> 
     </span>
    </p>
   </div>
   <div class='ocr_carea' id='block_1_3' title="bbox 0 0 1224 4566">
    <p class='ocr_par' dir='ltr' id='par_1_16' title="bbox 0 0 1224 4566">
     <span class='ocr_line' id='line_1_33' title="bbox 0 0 1224 4566; baseline 0 3"><span class='ocrx_word' id='word_1_210' title='bbox 0 0 1224 4566; x_wconf 95' lang='lat' dir='ltr'> </span> 
     </span>
    </p>
   </div>
  </div>
 </body>
</html>
