2438 4566
382 281 614 331 a
887 298 932 368 61

57 455 204 537 luporum
234 437 272 513 in
296 438 503 514 universum
530 438 717 514 mundum.
778 437 937 535 Quando
961 438 1076 503 cmv
1140 471 1150 487 ·

55 561 228 635 nimirum
256 571 291 630 in
315 567 605 643 <transmiseram
623 568 747 631 iliorum
769 557 868 633 Dan.
891 562 936 634 II.
953 560 1088 624 ΧΧΧΙΧ·

56 702 117 769 44
152 696 224 751 etc.
255 675 430 757 fitscitaoit
456 682 632 747 Demean·
661 704 812 766 mgnum,
857 677 1096 771 quodvis*

55 809 89 869 in
110 803 256 870 ae'temttm
280 820 341 864 non
360 793 582 880 dissipabitur,
609 811 641 865 et
662 821 785 879 regnum
805 807 872 867 eius
893 806 940 865 al·

60 923 120 986 toi
136 918 256 1004 p'opulo
275 936 336 980 non
359 917 524 980 tradetur:
551 920 732 981 comminuet
752 933 879 998 autem,
906 933 939 984 et

62 1048 216 1101 consumet
237 1038 384 1098 universa
403 1051 497 1111 regno
518 1033 601 1096 laec:
628 1033 660 1097 et'
680 1036 780 1118 ipsum
790 1033 891 1114 stabit
908 1041 941 1100 in

58 1166 212 1219 aternum.
252 1151 422 1216 Secundum
442 1151 527 1233 quod
544 1152 671 1229 vidisti,
692 1155 781 1235 quod
801 1155 838 1216 de
858 1173 943 1216 mon·

58 1283 89 1334 te
115 1271 270 1333 abscissus
299 1267 477 1348 est·'lapis,
512 1256 677 1331 Christus
703 1259 826 1348 lesuS,
861 1271 942 1353 Iapis

59 1391 110 1472 qui
127 1395 324 1470 percusserat
335 1380 480 1460 statuam
493 1381 605 1463 factus
622 1403 708 1446 mons
731 1405 880 1466 magnus,
909 1400 942 1450 et

60 1505 202 1586 urpleuit
239 1503 416 1564 universam
452 1511 566 1563 terram
601 1489 695 1563 mitis
733 1512 769 1564 et
801 1493 944 1568 humilis

67 1611 195 1697 corde,
223 1634 290 1706 per
314 1608 414 1680 mites
437 1629 472 1682 et
493 1609 645 1683 humiles
669 1611 779 1684 corde
808 1638 944 1711 paupe·

10 1774 16 1809 .=.
65 1754 113 1802 ses
132 1725 279 1826 spiritu,
306 1727 353 1798 ad
373 1752 464 1822 quos
486 1725 564 1799 ille:
590 1737 667 1800 data
685 1750 732 1801 est
750 1740 827 1802 midi
844 1745 943 1803 omnis

10 1820 19 1837 .
63 1852 350 1935 potestasin'coelo
375 1856 465 1914 etin
491 1865 585 1917 terra.
631 1855 748 1918 Euntes
773 1875 860 1934 ergo,
888 1857 943 1918 do·

70 1983 122 2035 oete
149 1989 253 2033 omnes
276 1983 379 2045 gentes
405 1980 461 2033 etc.
489 1957 555 2050 a),-
580 1961 627 2034 ad
651 1961 940 2037 constituendum

72 2076 207 2151 Christo
233 2102 383 2172 regnum
404 2096 575 2150 aeternum
596 2077 635 2149 in
657 2082 748 2153 coelo
769 2082 856 2151 etin
875 2100 943 2153 ter‘

72 2218 115 2266 ra:
144 2205 238 2269 Beati
245 2221 399 2286 pauperes
401 2202 547 2285 spiritu.-
569 2207 717 2287 quoniam
738 2208 875 2287 ipsorum
897 2218 944 2271 est

72 2337 183 2397 regnum
216 2312 367 2383 celorum.
431 2320 523 2383 Beati
553 2325 672 2384 mites:
708 2326 854 2406 quoniam
881 2327 957 2405 ipsi

68 2439 255 2517 possidebunt
287 2451 412 2500 terram.
472 2426 584 2499 Judaei
613 2453 729 2514 ver0,
764 2455 856 2524 quos
884 2431 944 2502 hic

71 2546 164 2618 etiam
195 2563 325 2643 praeter
351 2541 546 2639 discipulos
572 2544 841 2638 alloquebatur,
876 2570 943 2618 nec

66 2654 183 2752 mites,
210 2688 279 2734 nec
303 2650 476 2747 humilis,
504 2659 567 2756 qui
595 2658 778 2732 Christum
805 2660 944 2733 occide-

65 2798 169 2868 ru'nt,
209 2805 252 2851 ac
286 2776 383 2848 inani
411 2778 471 2875 spe
508 2775 608 2874 regni
640 2777 768 2850 terreni
800 2780 943 2875 superbi

66 2922 134 2991 non
162 2897 304 2982 solum,
333 2901 445 2982 tarra,
472 2921 579 2991 quam
602 2896 813 2993 promissam
839 2898 945 2994 patri·

67 3011 127 3086 bus
154 3010 408 3110 possidebant,
435 2993 660 3098 Exciderunt,
688 3014 943 3086 verumetiam

64 3155 174 3226 regno
196 3126 332 3200 Christi
352 3125 501 3198 Messiae
522 3146 650 3224 praeter
673 3131 803 3200 electos
826 3156 870 3201 ex
893 3130 943 3228 ip·
999 3143 1001 3152 '

10 3306 14 3371 ν
62 3244 104 3321 sis
123 3245 320 3341 discipulos
338 3241 432 3315 filios
456 3243 554 3339 regni
575 3243 612 3315 in
632 3245 702 3316 hoc
722 3244 825 3317 etiam
843 3273 944 3320 mun-

10 3438 12 3447 ,
64 3364 134 3451 do,
163 3362 295 3460 quibus
322 3360 486 3432 Christus
515 3360 673 3434 dixerat:
704 3370 842 3436 Mundus
864 3393 942 3450 gmi-

10 3460 14 3521 ἶ
63 3490 168 3568 debit,
201 3507 261 3551 oos
290 3500 394 3551 autem
420 3487 695 3567 contristabimini,
718 3489 782 3569 sed
808 3493 943 3552 tristitia

19 3602 29 3635 ⁸
64 3619 171 3670 nestra
198 3615 340 3668 vertetur
371 3607 404 3666 in
422 3584 598 3682 goudium,-
634 3622 787 3693 nempe:
829 3606 918 3669 Beati
930 3653 943 3686 ,

69 3726 119 3806 qui
139 3724 267 3800 lugent,
292 3723 438 3804 quoniam
464 3723 524 3802 ipsi
550 3714 793 3788 consolabuntur.

108 3914 138 3991 ι)
156 3864 260 3976 maes.
282 3910 441 3978 xxrur.
467 3921 510 3976 n.
