2438 4566
393 315 625 339 Μ

879 291 971 375 3ῐῖ

71 426 154 496 le'e
180 416 257 509 est,
281 435 471 518 postquam
501 421 571 492 hoc
600 420 692 503 ferre
719 422 951 521 coeperimus,
978 422 1095 487 ΘΗΜ·

72 538 121 615 ita
143 560 183 612 ut.
204 563 271 635 pro
295 561 415 611 amore
437 537 511 610 eius
536 537 640 613 etiam
664 540 864 639 persecutio
885 516 1118 639 pla-ilxlxvn·

72 672 173 738 ceat,
214 672 250 729 et
274 653 390 728 omnis
419 679 487 751 pro
521 679 565 732 eo
588 656 732 739 afflictio
760 658 798 729 in
829 633 1110 738 mentiswf‘

69 768 265 846 dulcedine
287 770 426 856 veniat,
463 770 551 854 ‚ficut
572 772 680 853 saneti
702 801 849 873 quoque
874 802 958 873 apo·

70 887 156 962 stoli
177 887 406 982 gaudebant,
435 913 516 961 cum
540 913 607 996 pro
630 889 793 973 Domino
814 892 958 990 flagella

72 1005 285 1077 tolerabant.
336 1005 419 1102 Ipsa
442 1030 528 1100 ergo
550 1026 699 1103 angusta
718 1029 821 1104 porta
841 1037 958 1091 aman·

72 1120 170 1194 tibus
201 1123 271 1193 lata
298 1106 361 1193 fit}
414 1120 500 1218 ipsae
531 1119 598 1205 viae
634 1124 730 1205 durae
758 1126 957 1222 spiritaliter

69 1236 296 1323 currentibus
318 1239 445 1310 molles
471 1255 507 1310 et
527 1243 641 1335 planae
664 1242 762 1330 suut,
785 1243 871 1317 dum
893 1220 959 1319 leit

71 1354 232 1441 animus,
254 1380 291 1426 se
310 1381 379 1451 pro
397 1342 653 1461 temporalibus
674 1357 858 1433 doloribus
874 1388 959 1457 gau·

72 1471 132 1545 dia
157 1493 287 1556 aeterna
307 1470 485 1568 recipere,
524 1491 559 1543 et
583 1471 654 1547 hoc
678 1472 820 1571 incipit,
856 1478 958 1573 quod

70 1589 259 1683 affligitur,
288 1613 414 1661 amare.
429 1591 451 1626 “
503 1588 558 1669 Sic
581 1588 613 1670 S,
635 1588 799 1671 Thomas
821 1591 857 1663 in
879 1594 913 1663 h.
932 1597 957 1667 l.

70 1724 185 1779 totam
207 1732 339 1790 novam
358 1709 474 1800 legem
493 1704 529 1776 in
550 1708 822 1781 mansuetudine
841 1708 959 1805 ponit,

70 1848 267 1921 perquam
299 1822 482 1905 ordrnetur
510 1822 555 1899 ad
583 1824 809 1921 proximum,
837 1847 872 1899 et
894 1850 958 1925 per

70 1939 306 2020 bumilitatem
333 1940 379 2022 ad
406 1965 444 2011 se
473 1959 507 2011 et
539 1938 687 2028 Deum;
719 1969 783 2042 per
814 1944 959 2017 charita·

71 2076 147 2131 tem
170 2083 319 2154 nempe,
341 2082 420 2153 quae
441 2075 494 2128 est
511 2058 699 2152 plenitudo
718 2059 806 2155 legis
829 2060 958 2133 diffusa

70 2173 110 2247 in
136 2173 307 2247 cordibus
335 2174 463 2257 nostris
491 2201 556 2271 per
580 2163 973 2285 Spiritunrlanctum,¹

70 2315 145 2387 qua
171 2291 292 2369 omnia
317 2290 408 2376 levia
434 2290 544 2380 fiunt,
573 2312 612 2365 ut
636 2292 741 2369 toties
771 2294 803 2367 S.
833 2293 958 2390 Augu·

70 2408 211 2495 stinus,
250 2427 285 2481 et
312 2408 344 2480 S.
372 2407 584 2482 Laurentius
613 2409 828 2485 lustinianus
855 2412 891 2481 iu
921 2412 960 2482 li-

72 2523 145 2597 bro
168 2525 214 2597 de
237 2524 442 2600 obedientia
470 2546 620 2599 tractans
647 2551 724 2622 cap.
748 2551 780 2614 3.
808 2528 852 2598 de
876 2530 958 2622 lege

71 2640 275 2729 charitatis,
303 2666 381 2737 quae
407 2664 568 2739 tempore
591 2644 710 2740 gratiae
736 2669 800 2741 per
828 2642 877 2714 D.
909 2642 958 2714 N.

73 2757 103 2831 l.
130 2758 174 2830 C.
205 2779 257 2831 est
281 2760 361 2832 data
387 2759 579 2848 fidelibus,
617 2760 781 2857 apposite
810 2760 855 2832 ad
873 2787 959 2831 uem

76 2873 263 2947 edisserit:
315 2876 449 2963 „Hinc
485 2898 564 2966 est,
602 2877 720 2976 iuquit
752 2873 819 2966 a),
858 2879 959 2974 quod

76 2990 181 3065 buius
207 2993 364 3075 mandati
387 2994 589 3088 legislator,
616 2995 795 3069 institutor
819 3015 854 3068 et
879 3022 959 3067 aue·

80 3125 133 3181 tor
161 3108 344 3193 Dominus
375 3109 544 3184 videlicet
576 3132 697 3184 noster
726 3111 825 3182 lesus
857 3110 960 3183 Chri·
1049 3100 1052 3105 ¹

81 3247 153 3299 stus
178 3228 343 3300 humanae
367 3227 484 3301 salutis
512 3226 688 3309 desiderio
717 3227 870 3322 flagrans
896 3254 959 3305 vo·

83 3342 424 3417 dfflmwmffw
476 3356 959 3436 hmafflmmm,m

85 3466 227 3543 bboratis
257 3485 287 3539 et
319 3475 440 3545 onerata·
468 3475 541 3535 estis
569 3462 634 3535 sub
668 3463 762 3536 fasce
792 3461 957 3558 legalium

84 3580 354 3667 mandatorum,
394 3602 424 3652 et
461 3610 514 3666 ego
553 3588 687 3667 reficiam
720 3609 802 3650 uos:
851 3586 959 3647 Tollite

81 3698 183 3782 iugum
216 3726 316 3769 meum
348 3697 523 3770 charitatis
542 3704 641 3788 fitper
667 3726 750 3782 uos,
787 3712 822 3766 et
851 3701 962 3765 discite'

80 3830 103 3875 ss
123 3842 189 3903 me,
217 3840 289 3909 qua
316 3817 458 3910 regula,
488 3840 561 3909 quo
590 3812 738 3898 ordine,
766 3834 836 3905 qua
861 3836 957 3881 meu·

78 3933 157 4003 Sura
176 3930 301 4005 Deum
326 3952 361 4003 et
383 3931 589 4028 proximum
610 3930 756 4027 diligere
776 3928 968 4017 debeatis,

118 4069 150 4146 a)
171 4076 201 4132 T.
225 4074 266 4135 11.
287 4089 314 4147 p.
339 4087 401 4144 305.
424 4084 448 4131 rt
470 4077 531 4144 20⁶⁴·

1059 4010 1078 4055 ι’)
