2438 4566
258 285 260 288 ⁵
308 320 381 392 252
628 288 860 347 ²⁸⁸-

63 424 71 445 '
161 451 277 517 cour
447 448 483 540 C
511 449 549 538 A
574 446 609 538 P
636 447 680 537 U
704 445 750 536 T
803 444 1050 537 LXXVI.

149 573 293 753 Q
333 648 636 727 rnxvutr
685 645 1151 726 Humxntxnrxs

549 789 935 869 EXENIPLUM.

309 979 554 1063 decesserunt
571 975 743 1074 discipuli
759 975 805 1050 ed
822 973 848 1054 J
849 1000 975 1065 esum,
999 974 1166 1070 dicentes:

359 1096 472 1200 Quis,
494 1107 623 1194 putes,
645 1093 764 1181 maior
787 1105 843 1166 est
866 1095 906 1166 in
925 1117 1049 1192 regno
1069 1093 1168 1171 coeio-

355 1210 474 1289 rum?
522 1207 570 1288 Et
602 1207 786 1289 advocans
801 1205 841 1287 *J
843 1232 925 1284 esus
955 1210 1167 1314 parvulum,

356 1329 482 1406 statuit
506 1351 594 1404 eum
614 1328 655 1408 in
674 1324 800 1402 medio
822 1349 976 1416 eorum,
1004 1340 1044 1402 et
1067 1327 1167 1409 dixit:

235 1480 238 1487 ·
357 1445 472 1523 Amen
493 1445 571 1521 dieo
592 1441 715 1532 vodis,
735 1445 815 1526 nisi
837 1465 1003 1520 converse
997 1440 1146 1546 fuerit
1134 1465 1167 1530 n,

353 1573 391 1640 et
421 1560 588 1662 efficiam!
587 1563 628 1636 ni
664 1570 737 1635 rtut
755 1557 936 1656 parvuli,
962 1583 1036 1635 non
1067 1564 1168 1637 intru-

343 1677 492 1756 -bitis
476 1702 516 1752 m
543 1700 695 1775 regnum
724 1699 770 1753 cu
771 1675 898 1761 lorum.
951 1673 1167 1782 Quicunque

356 1818 449 1893 ergo
495 1792 744 1875 humiliaverit
787 1816 826 1871 se
870 1789 962 1868 ficut
1006 1793 1166 1892 parvulus

353 1913 444 1998 iste,
471 1908 533 1986 hic
556 1922 612 1984 est
634 1910 753 1985 maior
775 1910 815 1985 in
838 1933 958 2008 regno
982 1910 1162 1991 coelorun
1206 2007 1209 2019 ι

353 2025 492 2111 Matth.
519 2023 667 2109 XVIIL
700 2051 729 2131 ι.
760 2037 828 2115 etc.
876 2108 879 2114 ,
989 2100 992 2107 ,
1204 2036 1207 2041 ’

134 2455 269 2524 reposeens
302 2359 467 2510 Ultima
500 2432 567 2509 hac
602 2430 772 2512 sententia
806 2431 956 2505 habetur
992 2430 1163 2566 responsio

134 2552 243 2596 conten.
302 2549 379 2622 ad
368 2549 682 2645 interrogationem
705 2548 984 2657 discipulorum,
1011 2552 1089 2648 quis
1109 2572 1166 2622 me
1207 2572 1209 2581 ·

100 2652 103 2657 ’
132 2621 273 2774 ἓξιὲζξζὶ,
300 2664 356 2740 ior
382 2665 457 2738 fit
447 2694 483 2737 rn
508 2692 620 2766 regno
643 2670 823 2742 eoelorum.
866 2667 925 2738 Ex
947 2669 1165 2745 contentione

132 2789 271 2850 tueatum
299 2800 416 2856 eutem
453 2807 575 2857 eorum
611 2783 656 2853 de
692 2807 762 2876 qua
795 2784 915 2863 Marc.
952 2784 1020 2860 IX.
1053 2811 1108 2874 32.
1137 2799 1165 2855 et
1207 2784 1209 2855 i

297 2895 385 2966 Luc.
409 2895 476 2974 IX.
496 2906 557 2984 46.
581 2895 660 2990 quis
685 2910 807 2969 eorum
830 2919 921 2972 esset
941 2902 1072 2990 maior,
1096 2925 1165 2976 con·
1207 2898 1209 2902 ’

295 3011 399 3084 iicere
427 3011 529 3103 licet,
557 3013 710 3089 necdum
740 3040 803 3088 eos
827 3020 1020 3112 vulgarem·
1040 3017 1167 3128 opinio·

295 3155 376 3199 nem
414 3130 460 3202 de
494 3157 624 3228 regno
642 3131 814 3223 Messiae,
852 3135 954 3230 quod
992 3124 1164 3210 audierant

292 3247 383 3341 saepe
405 3271 430 3323 a
453 3247 600 3320 Christo
622 3250 815 3347 praesertim
838 3251 876 3334 in
902 3253 1082 3360 parabolis
1102 3276 1163 3347 reg

200 3385 205 3394 ·
293 3388 378 3434 num
406 3367 580 3440 coelorum
607 3367 753 3457 vocari,
780 3354 1010 3471 deposuisse,
1037 3395 1163 3445 eorun-

189 3524 192 3529 -
293 3505 364 3576 que
390 3480 527 3556 animos
552 3483 812 3572 aemuletione
802 3505 893 3568 inter
919 3513 977 3574 se,
1007 3488 1049 3562 et*
1069 3483 1162 3562 ambi·

292 3598 390 3670 tione
416 3597 586 3694 primatus
614 3599 778 3680 detentos
794 3602 933 3700 fuisse,
960 3616 1079 3701 ⁴etqua
1102 3611 1158 3679 ina·

290 3714 397 3808 gister
420 3715 623 3800 humilitatis
644 3718 778 3820 optime
799 3722 862 3792 suo
888 3727 1074 3820 exemplo,
1103 3715 1158 3795 nisi

292 3851 326 3902 et
348 3830 381 3902 in
402 3832 474 3904 hoc
493 3835 726 3913 humilitatem
748 3839 935 3912 ostendere
959 3839 1020 3914 hic
1041 3837 1159 3918 voluis·
1205 3869 1209 3883 ·

290 3968 362 4038 set,
388 3975 555 4023 revocare
581 3952 762 4050 potuisset
