2438 4566
298 195 307 232 Ι
392 255 628 290 m

285 351 288 358 s
393 297 627 315 -·-·····
880 251 953 368 ιιι

69 415 175 490 Inh
193 417 217 488 l
240 439 329 491 vero
352 406 450 542 apud
474 392 631 484 Lucam:
658 411 835 508 ,‚Ita'que,
859 440 954 522 com·
982 419 1097 484 cirne·

69 515 330 622 mentaturu),
358 529 476 627 prius,
502 553 581 624 quae
605 511 671 600 sint
697 530 821 638 aquilae
849 533 956 621 conii,
1022 540 1067 603 CI·

72 650 230 735 ciamus,
261 668 323 735 ut,
354 647 455 743 quod
483 645 524 716 srt
550 670 702 740 corpus,
735 646 954 723 definiamus-
968 644 1112 713 “W

63 706 255 840 Justoruin
279 765 374 837 enim
396 759 520 833 animae
542 763 665 856 aquilis
686 785 995 874 comparantur,

64 872 175 980 'quod
211 884 281 954 alta
316 898 461 976 petant,
502 863 648 950 humilia
674 865 957 989 derelinquantf

70 1005 275 1095 longaevam
304 998 435 1101 ducere
462 997 619 1071 ferantur
648 1014 795 1070 aetatem.
850 977 983 1079 Unde

49 1137 112 1189 et
129 1116 252 1187 David
275 1113 399 1186 animae
419 1114 487 1186 luae
514 1112 621 1184 dicit}
651 1111 861 1186 renovabitur
858 1103 960 1207 ficut

72 1245 186 1326 aquira
211 1245 356 1302 iuventus
380 1216 448 1302 ina.
517 1229 592 1300 Si
584 1230 690 1333 igitur
719 1229 771 1302 int
758 1232 960 1312 telleximus'

72 1341 233 1446 aquilas,-
261 1349 306 1421 de
330 1355 482 1455 corpore
503 1344 572 1416 iam
598 1345 758 1419 dubitare
782 1375 857 1421 non
877 1362 962 1448 pos·

72 1489 246 1553 sumus,
245 1465 421 1560 maxime,
449 1462 477 1534 si
503 1461 787 1551 meminerimus,
814 1468 944 1560 quod
939 1480 963 1540 a'

73 1569 221 1680 Pilato
215 1556 347 1678 loseph
365 1607 497 1710 corpus
517 1579 702 1675 acceperit.
741 1581 877 1654 Nonne
895 1567 962 1657 tibi

73 1702 245 1776 videntur
272 1692 417 1794 aquilae
424 1697 516 1771 circa
547 1707 680 1794 corpus
705 1681 829 1770 Maria
856 1678 963 1772 Cleo·

74 1803 179 1918 plue,
209 1836 243 1888 et
266 1813 387 1887 Maria
415 1800 659 1909 Magdalene‚
687 1827 722 1886 e't
745 1797 869 1888 Maria
891 1839 964 1890 ma·
971 1881 973 1884 ,
997 1822 1002 1829 ’

75 1957 131 2008 ter
170 1915 351 2018 Domini,
404 1934 725 2039 apostolorumque
762 1953 965 2021 conventus

77 2051 173 2126 circa
197 2031 351 2122 Domini
378 2049 625 2145 sepulturam?
663 2046 800 2120 Nonne
826 2050 948 2122 tibi
912 2077 965 2125 v1··
1055 2051 1058 2054 ’
1103 2081 1110 2094 ‘

77 2171 209 2242 dentur
235 2146 359 2272 aquilae
385 2166 475 2238 circa
500 2190 649 2262 corpus,
676 2166 821 2259 quando
843 2167 966 2253 veniet

77 2306 161 2359 cum
184 2269 465 2380 intelligibilibus
488 2280 646 2377 nubibus
668 2280 776 2353 Filius
797 2283 966 2377 hominia·

78 2425 113 2477 tt
135 2411 254 2472 videbit
279 2431 346 2473 eum
374 2413 471 2471 omnis
498 2411 623 2488 oculus,
663 2422 694 2471 et
718 2415 773 2505 qui
795 2431 864 2473 eum
882 2432 967 2482 com·

77 2517 285 2612 punxerunt?
321 2518 388 2590 Est
414 2516 519 2590 etiam
547 2542 698 2612 corpus,
726 2517 771 2588 de
798 2544 873 2632 quo
896 2520 968 2597 dic-

79 2657 159 2710 tum
182 2648 256 2707 esti
302 2630 384 2707 Caro
404 2652 474 2706 mea
496 2660 566 2704 uere
588 2655 634 2704 est
661 2645 765 2718 cibus,
793 2620 969 2722 etsurrguir'

80 2781 168 2827 meus
187 2780 259 2824 vere
275 2773 333 2824 est
328 2773 441 2842 potus.
480 2749 584 2821 Circa
602 2751 673 2821 hoc
692 2775 821 2846 corpus
841 2732 968 2848 aquilae
1025 2759 1050 2828 ἧ
1149 2754 1152 2762 ’

81 2873 187 2956 sunt,
226 2893 304 2964 quac
346 2861 407 2939 alis
445 2852 702 2941 circumvolant
744 2860 968 2965 spiritalibus.

83 2988 176 3061 Sunt
200 3005 235 3057 et
260 2984 349 3057 circa
375 3010 506 3081 corpus
529 2983 677 3112 aquilae,
713 3007 793 3080 quae
818 2972 970 3078 credunt

70 3103 233 3190 ‚Jesum
223 3129 261 3174 ιιι
281 3114 386 3175 carne
406 3099 568 3206 venisse3
592 3099 674 3205 quia
695 3101 809 3172 omnis
829 3087 970 3199 spiritus

85 3220 151 3320 qui
183 3192 373 3292 confitetur
408 3201 526 3290 Jesum
567 3216 748 3300 Christum
786 3217 824 3288 in
849 3228 971 3335 carne

86 3337 250 3424 venisse,
278 3336 324 3408 de
350 3318 436 3408 Deo
462 3351 525 3406 est
574 3329 647 3405 Ubi
674 3359 759 3430 ergo
780 3316 897 3424 fides,
907 3320 970 3416 ibi

86 3459 373 3539 sacramentum,
415 3435 466 3522 ibi
504 3449 736 3524 diversorium
770 3439 970 3528 sanctitatis.
1028 3466 1030 3468 ’

86 3574 158 3648 Est
174 3570 292 3644 etiam
289 3595 431 3666 corpus
448 3567 666 3654 Ecclesia,
656 3596 691 3643 rn
714 3592 784 3666 qua
802 3592 867 3666 per
885 3558 976 3666 bap-³

87 3689 185 3764 sisml
206 3686 354 3783 gratiam
373 3711 588 3760 renovamur
605 3671 741 3783 spiritu,
765 3705 799 3758 et
817 3685 974 3783 occidua

125 3833 160 3906 a)
177 3835 236 3890 Lib.
259 3819 346 3890 VIII.
365 3851 392 3891 n.
413 3847 455 3904 ςς.
467 3847 500 3906 «ιι
521 3835 598 3904 ιιιιι.

139 3925 258 4020 Τοιι.
285 3923 331 3997 Ila
592 3920 624 3996 B
646 3920 672 3998 b
