2438 4566
619 314 917 349 m·

155 472 269 542 Gaul?
299 471 491 546 novabitur
511 492 552 547 ut
572 473 694 567 aquilae
715 470 891 549 iuventus.
904 473 928 517 “
980 473 1099 568 Quod
1119 473 1172 546 ibi·

92 596 96 611 ·
192 596 237 652 ct.
300 592 380 697 dem
414 591 510 674 Beda
542 591 586 661 de
612 587 775 683 reprobis
802 589 908 675 dicit,
949 591 1081 663 claritis
1107 593 1173 664 bre·
1206 645 1208 651 ·

135 710 279 782 W
296 708 449 802 viusque
467 711 560 804 apud
582 690 887 800 ‘slieophilactum
905 706 1039 801 legitur
1059 709 1095 779 in
1112 711 1171 783 hl

298 825 418 912 „Hoc
443 843 513 908 est,
541 822 658 917 inquit
686 817 749 920 a),
777 821 841 904 ubi
868 822 978 904 Filius
1007 826 1171 912 hominis,

297 941 370 1015 illic
392 963 427 1013 et
444 939 553 1017 lancti
579 938 652 1022 eius
674 942 790 1030 leves,
818 958 854 1016 et
878 939 916 1020 in
945 941 1098 1023 sublime
1120 969 1173 1016 vo·

297 1062 427 1133 lantes:
454 1057 540 1128 sicut
555 1075 758 1151 peccatores
778 1081 925 1152 graves,
951 1058 1018 1153 qui
1038 1080 1074 1131 et
1094 1060 1172 1130 inlrt

296 1155 561 1278 rsslinquentun
611 1171 704 1252 Nam
736 1172 822 1254 licut
842 1172 982 1256 iacente
1011 1176 1171 1253 cadavere

296 1316 421 1363 omnes
443 1289 636 1371 carnivorae
658 1293 824 1371 volucres
853 1291 1048 1372 advolant:
1078 1292 1170 1364 itaet

252 1421 256 1428 ’
293 1405 358 1478 ubi
388 1405 496 1489 Filius
527 1403 680 1490 hominis
711 1424 856 1502 propter
890 1433 957 1478 nos
994 1388 1170 1494 mortuus,

294 1541 334 1598 et
349 1521 386 1593 in
405 1549 522 1594 casum
542 1523 678 1618 positus
693 1523 738 1593 de
755 1527 846 1596 coelo
861 1527 1087 1620 apparuerit,
1105 1551 1169 1596 om·

296 1665 361 1727 pes
383 1640 491 1727 salicti
511 1639 845 1748 congregabuntur,
873 1662 909 1713 et
933 1641 1000 1738 ipsi
1019 1642 1169 1736 angeli.“

300 1909 303 1913 ·
372 1873 434 1948 Ad
460 1874 626 1947 literalem
654 1874 764 1970 magis
790 1875 969 1970 quandam
997 1873 1168 1972 allegorici

295 1992 441 2090 quidem
472 1990 575 2064 huius
601 1993 672 2064 loci
701 1992 977 2088 explicationem
994 1996 1109 2090 „supra
1136 1992 1166 2069 iu

295 2121 406 2191 diuina
433 2119 593 2193 Evaruelii
628 2119 739 2191 Christi
752 2097 754 2101 ι
769 2120 1041 2210 Verbisincarnoti
1066 2116 1167 2182 oecono
1194 2138 1196 2144 ·

295 2241 363 2297 mia
383 2226 432 2298 T.
453 2227 479 2296 l.
495 2251 534 2298 ·c.
553 2225 696 2306 XXIV.
719 2255 754 2322 p.
783 2247 862 2315 154
888 2227 1039 2322 digitum
1066 2227 1167 2300 interr·

291 2342 435 2428 dimus,
463 2341 586 2414 habito
613 2343 774 2438 singulari
805 2364 968 2439 respectu
993 2345 1039 2415 ad
1065 2346 1167 2441 spera·

295 2480 368 2541 tam
396 2460 433 2530 in
460 2458 659 2530 novissimis
690 2461 814 2532 diebus
843 2459 1050 2542 Judaeorum
1079 2461 1167 2551 (ceu

294 2596 468 2650 renovata
492 2598 531 2660 ut
557 2577 679 2671 aquilae
709 2577 892 2660 iuventute
914 2573 1067 2667 eorum)
1094 2603 1167 2649 con·

296 2695 498 2778 versionem
526 2693 570 2765 ad
599 2693 805 2780 Christum,
841 2693 1068 2772 coniunctam
1093 2719 1166 2766 cum

294 2814 477 2906 utriusque
514 2811 717 2904 reipublicae
749 2807 841 2893 tunc
864 2811 981 2891 lutura
1011 2832 1165 2883 catastro-

293 2931 383 3024 phe:
407 2929 642 3020 repullulante
662 2924 771 2999 veluti
791 2946 897 3023 atque
922 2927 1164 3000 reflorescente

295 3044 333 3116 in
353 3042 479 3124 Judaeis
502 3042 663 3115 Ecclesia
679 3044 900 3140 temporibus
920 3043 1009 3131 illis,
1036 3044 1080 3116 de
1100 3041 1164 3138 qui·

294 3162 364 3242 bus
389 3159 570 3246 Christus,
599 3170 696 3232 Filius
717 3171 848 3232 hominis
873 3188 942 3237 cum
961 3174 1097 3250 venerit,
1111 3186 1163 3252 pu·
1209 3150 1211 3229 ἕ

296 3302 347 3365 ιτας
365 3287 459 3364 fidem
479 3276 613 3364 inveniet
635 3292 668 3363 in
692 3286 800 3350 terra?
1209 3264 1211 3303 ³

331 3440 652 3558 dffllnun‘
