2438 4566
528 290 533 305 “
604 294 840 333 m

600 340 838 363 .—-——

141 446 257 513 flffll?
272 459 406 540 suorum
435 457 637 522 clamantium
666 461 711 521 ud
737 479 769 522 se
797 461 848 523 die
875 479 915 524 uc
942 462 1061 527 nocte?
1103 453 1168 530 Est

172 566 231 625 ⁰¹1
287 568 381 657 enim
405 571 538 640 clamor
563 567 622 639 hic
646 570 841 639 electorum
861 568 898 640 in
921 571 1086 644 Ecclesia
1101 573 1168 644 mi·

128 679 272 743 W*
285 685 408 772 litante
425 685 490 756 sub
507 684 685 756 continuis
704 685 874 781 pressuris
891 686 929 757 iu
946 689 1022 759 hoc
1039 689 1165 762 faeculo
1191 722 1195 727 ·

142 782 151 792 „
184 806 187 811 ’
285 802 519 878 afflictorum:
547 815 624 893 quia
643 830 764 889 omnes,
783 815 840 894 qui
855 815 911 893 pie
929 815 1044 874 uolunt
1062 818 1168 882 vivae

283 932 319 1003 ,ia
348 929 486 1004 Christo,
509 930 747 1008 persecutionem
768 932 934 1008 patientur
958 916 1011 1010 a).
1076 921 1173 993 Sem-'

283 1048 353 1135 per
378 1038 448 1108 hoc
474 1055 622 1131 experta
643 1056 695 1107 est
711 1034 889 1120 Ecclesia,
915 1035 1165 1134 experiturque

172 1135 190 1158 ⁰
286 1154 377 1227 statu
406 1178 529 1248 presso
561 1152 664 1224 etiarn
692 1151 854 1229 eluctata
872 1152 938 1226 sub
971 1154 1165 1240 christianis

285 1267 525 1367 principibus,
549 1289 585 1341 et
605 1269 806 1364 experietur
821 1298 881 1360 prr
898 1280 1033 1345 multum
1051 1293 1166 1362 tempus

286 1370 401 1474 illud,
428 1385 528 1482 quod
550 1385 735 1458 intercedit
762 1411 874 1482 usque
893 1385 939 1458 ad
952 1387 1060 1486 ‚diem
1083 1386 1165 1461 iudi·

287 1503 358 1583 cii:
386 1504 472 1576 dum
495 1501 866 1599 interimplerumque
889 1501 1066 1598 ingruunt
1083 1523 1166 1576 tem·

288 1646 403 1718 pora,
431 1619 579 1716 quibus,
605 1619 667 1715 qui
689 1644 805 1691 rerum
830 1620 1017 1715 potiuntur
1040 1610 1087 1690 in'
1105 1640 1165 1700 ter·

287 1733 502 1824 ris,'s1mi1es
525 1735 632 1807 iudici
653 1735 703 1806 illi
726 1738 800 1807 sese
816 1735 995 1832 prebent,
1019 1735 1165 1836 quierat

286 1866 323 1925 in
343 1862 479 1944 quodam
502 1862 647 1939 ciuitate,
675 1866 729 1943 qui
755 1860 854 1927 Deum
877 1881 936 1923 nort
961 1863 1113 1941 timebat,
1138 1873 1166 1925 et

288 1978 441 2040 hominem
469 1996 528 2040 non
553 1978 772 2052 reverebatur,
808 1970 960 2064 suntque
992 1969 1095 2041 electi
1119 1996 1166 2042 re·
1207 2022 1209 2045 .

288 2085 363 2167 licti
401 2085 539 2158 ferociae
576 2104 610 2156 et
647 2085 849 2182 petulantiae
885 2086 1167 2159 adversariorum

289 2205 462 2292 suorum,
505 2200 666 2287 Ecclesia
704 2201 803 2297 quasi
843 2192 979 2289 vidua,
1026 2202 1165 2276 Christo

289 2317 426 2417 sponso
453 2320 634 2409 tardante,
663 2321 809 2406 clamat,
836 2319 968 2414 gemit,
995 2320 1145 2416 suspirat
1155 2351 1165 2406 ;
1206 2358 1209 2407 t

236 2487 238 2490 <
289 2439 354 2511 fed
384 2438 429 2510 ad
458 2438 626 2533 sponsum
659 2436 829 2530 suspirat,
869 2433 975 2533 opem
1006 2437 1166 2534 implorat

290 2575 417 2639 contra
436 2572 679 2650 persecutores
693 2553 861 2626 Ecclesiae
879 2555 915 2625 in
934 2580 1037 2628 causa
1050 2554 1167 2652 sponsi
1207 2622 1209 2643 ἱ

291 2672 405 2754 unice,
423 2671 527 2743 amati
547 2689 583 2741 et
604 2670 771 2757 amantis,
798 2670 860 2767 qui
883 2669 975 2744 dixit
995 2673 1165 2769 apostolis
1207 2674 1209 2723 :

208 2841 212 2851 -
291 2790 382 2877 fuiS,
409 2818 470 2860 uon
501 2798 670 2878 relinquam
696 2817 754 2858 uos
779 2797 952 2878 orphanos,
978 2804 1105 2862 venium
1129 2799 1168 2862 ad

290 2937 370 2992 uos,-
397 2931 477 2983 cum
501 2907 607 3000 plena
634 2903 785 2990 fiducia,
814 2924 915 2992 orat,
943 2926 978 2979 et
1002 2906 1166 3004 implorat

289 3025 421 3097 iustum
459 3021 635 3108 iudicem,
662 3039 701 3093 ut
732 3025 852 3113 luam,
891 3025 1063 3098 Ecclesiae
1101 3028 1164 3099 suat

291 3163 375 3237 agat
400 3166 563 3218 causam:
596 3150 724 3210 Vindice
746 3168 793 3212 me
816 3151 853 3212 de
877 3134 1167 3226 adversariarum,-

290 3258 431 3330 interim
453 3279 547 3331 certa
575 3277 610 3329 et
632 3258 752 3329 secura
776 3260 834 3330 vel
860 3283 906 3328 ex
928 3257 1007 3354 ipsa
1028 3239 1095 3332 hac
1113 3285 1166 3357 pa·

291 3377 417 3450 rabola
439 3376 483 3446 de
502 3372 618 3446 iudice
637 3373 852 3470 iniquitatis,
879 3394 920 3448 ut
938 3395 1049 3448 vocat
1070 3375 1165 3447 Chri·

292 3515 391 3579 stus;
420 3480 722 3586 quemadmodum
750 3491 833 3564 alibi
858 3491 964 3564 ctiam
986 3493 1084 3566 haud
1112 3493 1164 3564 ala

292 3611 394 3684 fimili
421 3607 685 3706 comparatione
714 3607 877 3705 erigimur
903 3609 949 3681 ad
977 3632 1105 3683 certam
1129 3610 1163 3680 in

291 3726 525 3825 petitionibus
561 3726 691 3799 nostris
720 3727 766 3799 ad
801 3753 881 3799 eum
915 3727 1000 3799 lusis
1036 3752 1164 3824 ponen-

169 3925 181 3947 ο
292 3835 373 3919 dam
399 3844 513 3938 spem:
545 3853 577 3913 u·
599 3873 684 3932 ergo,
710 3845 824 3941 inquit
840 3842 897 3933 ὁ),
921 3873 999 3929 uos,
1024 3850 1164 3932 cumsttis

317 3989 360 4068 ¹9)
378 3993 422 4050 II.
446 3992 558 4066 Tr'rnoth.
577 3989 639 4048 III.
661 4007 703 4050 η.
779 3988 808 4063 b)
827 3993 889 4048 Luc.
913 3990 967 4046 XI.
990 4006 1032 4062 132
