2438 4566
833 327 905 398 ὂψ

19 453 172 551 Quodsi
191 472 274 552 post
292 452 369 528 haec
391 455 512 528 omnia
531 450 682 528 difficilis
700 451 811 529 virtus
829 481 904 529 esse
936 445 1052 508 ΟΜ

19 575 88 650 tibi
110 573 269 662 videtur,
293 573 413 670 cogita
434 571 668 645 difficiliorem
690 599 764 646 esse
785 572 906 668 nequi·
921 551 1073 606 cxxxvn.

22 694 132 781 tiam,
168 692 269 789 quod
295 690 411 789 ipsum
437 690 663 765 subindicans
688 716 764 763 non
789 690 905 787 primo

20 808 147 885 dixit:
185 819 295 882 Tollite
330 822 434 894 iugum
474 837 593 894 meum,
629 809 691 881 sed
716 807 906 906 praemisit,

18 940 127 1001 venite
157 938 202 998 ad
229 956 277 999 me
304 955 427 1014 omnes,
467 939 522 1020 qui
553 938 701 1001 laboratis
729 950 760 1001 et
788 940 910 1001 onerati

21 1056 119 1133 estis,
146 1044 330 1117 declarans
356 1064 542 1142 peccatum
564 1044 679 1119 labori
701 1072 774 1118 esse
795 1046 911 1119 obno-

20 1161 147 1251 xium,
188 1146 224 1235 'et
248 1172 347 1235 onus
368 1188 445 1235 esse
474 1187 583 1258 grave
609 1189 650 1236 ac
681 1180 819 1258 gestatu
845 1162 909 1236 dif-
1024 1181 1027 1185 ’

19 1278 134 1369 ficile,
163 1305 280 1376 neque
308 1279 402 1352 enirn
429 1279 631 1352 laborantes
656 1281 770 1352 solum
797 1281 908 1371 dixit,

20 1398 82 1471 led
113 1397 217 1469 etiam
246 1418 423 1469 oneratos.
486 1396 570 1469 Hoc
601 1396 703 1468 etiam
730 1399 911 1495 propheta

20 1511 182 1601 dicebat,
203 1513 277 1587 eius
297 1535 457 1588 naturam
477 1512 702 1588 describens:
732 1525 817 1585 Sicut
834 1544 910 1586 onus

18 1653 283 1729 gravessruvutae
301 1642 382 1721 sunt
400 1641 499 1724 super
529 1661 585 1704 me.
641 1630 736 1704 Illud·
764 1655 910 1728 quoque

19 1748 227 1821 describens
252 1748 461 1848 Zacharias,
488 1748 553 1837 ait,
579 1747 698 1846 ipsum
713 1759 835 1841 plumbi
861 1770 910 1819 ta·

18 1876 135 1939 lemum
156 1893 244 1939 esse.
307 1866 470 1963 Idipsum
494 1866 716 1964 experientia
741 1868 906 1940 declarat.

17 1982 125 2057 Nihil
154 1983 248 2055 enim
276 1980 323 2057 ita
352 2003 521 2082 aggravat
547 1984 717 2072 animam,
743 1982 791 2056 ita
814 2010 911 2056 men·

20 2118 93 2175 tem
125 2120 280 2173 excaecat
317 2127 359 2174 ac
389 2101 578 2201 deprimit,
618 2122 659 2174 ut
692 2099 910 2173 conscientia

18 2196 168 2317 peccati.
235 2216 336 2293 Nihil
364 2219 460 2291 illanr
485 2224 708 2294 voluntatem
732 2207 780 2290 ita
804 2216 910 2290 subli-

19 2360 118 2407 mem
146 2331 275 2422 efficit,
303 2352 346 2408 ut
370 2336 510 2410 iustitiae
536 2364 577 2409 ac
604 2335 746 2409 virtutis
771 2361 909 2432 posses-

19 2450 77 2525 sio
94 2446 147 2542 a).
161 2454 183 2490 “
232 2452 419 2557 Exemplis
440 2453 609 2549 deinceps
630 2479 703 2524 rem
724 2451 911 2548 prosequi·

19 2588 102 2656 tur,
139 2568 241 2665 quod
266 2570 422 2666 primum
449 2570 518 2648 iam
545 2570 716 2641 docuerat
739 2571 909 2664 exemplo

19 2684 175 2773 Christi,
204 2688 304 2782 quod
327 2686 402 2784 ipse
421 2714 459 2760 se
483 2685 588 2762 nobis
609 2685 814 2785 proposuit:
838 2695 910 2756 Dis·

21 2813 80 2877 cite
110 2831 134 2873 a
162 2831 231 2890 me,
258 2817 335 2897 quia
364 2819 448 2879 mitis
464 2813 564 2897 sum,
591 2827 622 2876 et
646 2786 772 2876 humilis
799 2813 908 2892 corde,

21 2944 176 3016 eumque
194 2919 241 2993 fic
257 2924 463 3018 loquentem
482 2921 636 2998 inducite
660 2921 795 3013 „Quid
815 2921 909 2994 enim

21 3035 147 3123 times,
181 3037 322 3133 inquit,
362 3066 409 3110 ne
436 3038 553 3110 minor
584 3037 770 3125 habearis,
807 3038 834 3109 si
866 3039 910 3110 fis

22 3153 199 3225 humilis?
234 3155 307 3226 Me
331 3155 465 3252 respice
492 3176 527 3226 et
553 3179 632 3226 mea
659 3153 779 3226 omnia
806 3178 826 3224 a
851 3179 910 3226 me

24 3270 177 3358 discito,
214 3291 249 3343 et
276 3289 362 3343 tunc
400 3274 492 3343 clare
520 3271 628 3357 scies,
665 3290 835 3366 quantum
868 3271 908 3345 fit

21 3386 171 3463 bonurn.
237 3386 371 3460 Viden'
397 3388 583 3484 quomodo
614 3388 711 3465 omni
743 3415 787 3460 ex
809 3408 909 3484 parte

22 3502 119 3602 ipsos
144 3505 293 3578 inducat
315 3507 360 3579 ad
381 3507 645 3581 humilitatem?
672 3509 717 3579 ab
743 3506 805 3592 iis,
831 3527 909 3598 quas

23 3620 99 3719 ipse
121 3622 225 3708 lecit,
261 3634 368 3696 discite
395 3654 416 3695 u
440 3654 509 3712 me,
545 3638 620 3718 qnia
649 3638 734 3695 mitis
752 3630 850 3709 firm,
877 3639 909 3690 ct

28 3748 147 3817 tumuis
166 3751 255 3814 corde
262 3784 274 3828 ,·
296 3743 340 3815 ab
358 3742 416 3830 iis,
437 3768 515 3841 quae
534 3743 603 3840 ipsi
622 3738 787 3811 lucraturi
806 3737 905 3808 sunt:

33 3864 107 3931 Nam
132 3871 317 3947 invenietis,
347 3861 486 3960 inquit,
513 3872 646 3954 requiem
674 3865 836 3928 animabus
856 3883 910 3927 ve·

66 4008 293 4084 dham·
