2438 4566
245 300 294 370 26
566 278 799 345 Ξ

105 444 219 506 carue
245 471 327 518 nam
362 441 511 542 gratiam
547 440 828 512 contendamus:
874 435 961 536 quia
992 436 1111 518 invia
1143 480 1147 491 ·

95 566 233 632 XXXIII·
244 562 398 635 Domini
426 587 500 631 non
523 557 711 653 progredi,
739 556 878 652 regredi
900 577 964 632 est.
1012 555 1111 643 „Mi-

68 670 338 752 'anime
365 695 550 774 procerte
573 675 690 746 bonus
717 693 787 759 est,
814 677 894 746 sunt
915 674 1029 746 verba
1049 677 1111 744 lau·
1141 689 1143 694 '

244 796 318 870 dati
337 797 367 866 S.
390 791 582 876 Bernardi,
606 790 668 885 qui
688 789 811 861 melior
834 815 908 861 esse
930 816 1008 862 non
1025 792 1110 862 vult:

246 934 282 986 et
305 912 366 983 ubi
391 909 542 1004 incipis,
569 910 664 988 nolle
685 907 762 986 fieri
783 905 931 994 melior,
956 905 1009 978 ibi
1035 905 1113 979 desi
1141 918 1144 927 ’

144 1040 153 1059 ’
245 1021 299 1107 nis
324 1053 399 1103 esse
424 1027 551 1098 bonus.

327 1261 370 1330 In
406 1258 654 1334 collationibus
684 1258 828 1331 Patrum
858 1258 956 1355 apud
989 1255 1113 1331 Cassia·
1151 1318 1153 1323 .

244 1404 331 1450 num
360 1374 467 1467 o)>id
497 1379 542 1449 de
572 1377 832 1449 renuntiatione
861 1375 977 1447 saeculi
1002 1401 1113 1470 accep·

242 1514 343 1584 tum,
382 1496 550 1592 parabola
581 1493 785 1589 evangelica
816 1492 1048 1565 confirmatur
1072 1492 1112 1562 de

242 1638 345 1707 rege,
372 1613 563 1707 „quicum
583 1611 705 1682 decem
724 1609 875 1681 millibus
892 1607 1112 1707 progreditur

243 1749 366 1800 contra
385 1714 483 1813 curn,
506 1726 665 1822 quicum
682 1726 806 1820 viginti
825 1725 981 1797 millibus
1000 1750 1113 1797 occur·
1151 1820 1153 1825 Ι

241 1844 311 1914 rit:
352 1845 452 1939 quod
482 1835 562 1937 apte
593 1869 633 1949 ac
663 1842 839 1915 concinne
871 1842 917 1913 de
946 1841 1111 1914 conflictu
1149 1828 1153 1979 i

223 1961 435 2046 uirtutum,
471 1979 506 2031 et
530 1957 697 2032 vitiorum
723 1955 944 2055 explicatur,
981 1958 1020 2030 id
1043 1977 1111 2042 est,

241 2095 284 2149 ut
314 2104 358 2148 ne
388 2075 528 2146 initium
559 2075 705 2181 quidem
732 2074 1005 2147 renuntiationis
1038 2071 1112 2144 arri·

241 2194 344 2291 piant
370 2192 514 2289 potius,
542 2217 648 2287 quam
677 2193 794 2288 tepide
818 2218 892 2263 eam
916 2211 1000 2287 post
1023 2216 1110 2263 exse·
1149 2196 1153 2279 ¹.

239 2327 392 2405 ¹quentes
413 2308 537 2380 maiori
559 2308 760 2381 discrimine
780 2307 986 2403 semetipsos
1006 2308 1110 2381 invol·
1149 2292 1153 2363 Ϊ

239 2447 336 2502 vant.
379 2426 518 2499 Melius
543 2444 596 2498 est
620 2427 712 2498 enim
738 2453 810 2498 non
832 2451 987 2513 vovere,
1012 2449 1110 2521 quam
1150 2408 1153 2413 ⁵

238 2567 374 2617 vovere
387 2601 406 2635 ‚¹
438 2563 472 2615 et
500 2571 574 2616 non
599 2545 758 2615 reddere.
821 2542 974 2614 Pulchre
1001 2562 1110 2613 autem

238 2662 299 2732 lric
319 2688 399 2733 curn
421 2661 544 2731 decom
562 2661 733 2745 millibus,
759 2679 793 2731 et
810 2659 867 2731 ille
889 2685 971 2730 cum
990 2655 1110 2754 viginti
1140 2679 1143 2683 ’

236 2776 391 2848 millibus
417 2775 638 2846 describitur.
703 2775 869 2870 Amplior
893 2775 988 2846 enim
1016 2775 1112 2849 vitio·

236 2918 315 2962 rum
336 2917 402 2961 nos
422 2889 709 2985 impugnantium
729 2917 894 2962 numerus
915 2911 985 2977 est,
1009 2916 1108 2987 quam

235 3010 407 3080 virtutum
441 3034 507 3103 pro
543 3007 647 3079 nobis
684 3008 935 3080 dimicantium.
1021 3021 1111 3080 Nemo

234 3116 340 3196 [arteni
359 3146 465 3216 potest
490 3133 555 3196 Deo
566 3133 707 3212 servire,
729 3108 766 3196 'et
789 3133 982 3196 ddcmmonae.
1035 3125 1110 3198 Nec

215 3243 374 3337 'ponens
402 3241 589 3336 quisquam
618 3268 760 3314 manum
788 3245 883 3313 suam
915 3244 1020 3338 supra
1047 3268 1111 3314 ara·

214 3361 347 3444 trum,
376 3379 410 3430 et
431 3357 621 3454 respiciens
648 3378 766 3449 retro,
793 3377 895 3454 aratus
924 3379 977 3430 est
1000 3385 1109 3457 regno

231 3475 317 3546 Dei.
329 3479 350 3524 ‘⁶
400 3474 511 3569 Igitur
529 3479 612 3546 tales
633 3476 732 3562 sunt,
751 3475 810 3569 qui
829 3495 1026 3571 postquam
1042 3481 1109 3550 sese

231 3593 357 3663 seculo
398 3591 634 3678 abdicarunt,
677 3594 922 3687 mundumque
964 3594 1110 3690 relique·

230 3727 336 3792 runt,
371 3708 643 3804 retrospiciunt:
679 3700 824 3804 seseque
848 3711 1108 3806 impedimentis

229 3823 374 3923 salutisp
393 3826 520 3918 quibus
549 3853 585 3898 se
608 3827 677 3898 iam
706 3825 954 3924 expedierant,
984 3830 1106 3938 iterum

272 3976 302 4050 a)
324 3974 380 4034 Lib.
409 3973 475 4037 Vn.
499 3995 521 4036 ο.
549 3988 590 4044 13·
