2438 4566
383 335 614 350 α-ιι--ιι--ι

864 318 936 390 '373

57 444 305 545 corruptionis
324 448 431 536 uber,
459 450 603 545 eiusque
624 447 692 521 flos
717 465 767 522 ac'
781 435 1083 546 primitiaectw'*
1161 521 1168 537 κ

60 587 125 637 est.
194 562 276 637 Una
307 566 384 637 hacc
419 567 582 662 optima,
622 565 941 661 honestissimeque
973 555 1076 613 Xfflx·

17 665 24 675 ’
57 681 247 780 professio.
310 678 419 752 Unde
446 701 481 754 et
507 680 697 754 Dominus
715 708 776 754 eos
803 682 943 778 potissi·
960 675 1103 750 Ἣ

56 826 158 872 mum
187 798 224 868 in
249 823 400 893 regnum
427 800 598 869 coelorum
615 801 843 895 ¹ingressuros
866 801 944 895 pol·
1000 815 1001 819 ’

57 914 208 1000 licetur,
236 914 299 1008 qui
331 913 397 1010 ipsi
426 913 559 1009 seipsos
591 935 851 1002 castraverunt,
879 913 944 987 ubi

57 1031 97 1103 in
125 1030 331 1125 Evangeliis
359 1032 607 1103 eunuchorum
635 1032 846 1104 differentias
878 1052 944 1102 tra·
994 1054 996 1060 ’

56 1148 156 1219 dit.“
214 1147 285 1225 Hic
312 1146 415 1242 virg'o
443 1145 519 1242 ipsa
545 1168 714 1245 perorans
739 1147 940 1236 inducitur,

58 1265 92 1336 S.
113 1263 316 1364 Cyprianus
335 1288 421 1336 vero
439 1261 592 1358 virgines
610 1267 801 1339 allocutus:
828 1278 848 1351 ‚5
858 1264 941 1337 Flos

58 1375 220 1465 oscine,
257 1376 462 1475 inquito),
497 1380 722 1452 'ecclesiastic-i
753 1381 942 1474 germinis,
976 1412 979 1418 ¹

57 1499 190 1582 decus,
218 1518 323 1591 atque
347 1513 595 1567 ornamentum
621 1497 738 1591 gratiae
762 1497 941 1592 spiritalis,

55 1615 139 1686 laet‘a
163 1611 327 1699 indoles,
353 1613 467 1684 laudis
497 1632 532 1683 et
558 1611 706 1686 honoris
731 1639 824 1710 opus
854 1613 941 1686 iute-

57 1759 163 1830 grum
192 1751 298 1827 atque
326 1729 598 1827 incorruptum,
635 1729 710 1802 Dei
739 1731 858 1824 imago
891 1755 943 1802 re·

56 1848 247 1946 spondens
277 1848 322 1919 ad
358 1848 622 1922 sanctimoniam
652 1835 831 1934 Domini,
867 1845 959 1919 illu>
992 1849 995 1858 ’

56 1965 164 2038 atrior
178 1963 298 2060 portio
313 1965 428 2060 gregis
444 1964 586 2036 Christi.
617 1964 762 2036 Gaudet
775 1989 839 2059 per
853 1963 940 2050 illas,

57 2102 165 2178 atque
190 2080 314 2154 inillis
338 2085 478 2176 largiter
506 2082 613 2154 floret
634 2079 808 2176 Ecclesiae·
825 2081 944 2152 matris

56 2199 215 2294 gloriosa
232 2197 460 2269 foecunditas:
481 2218 687 2294 quantoque
700 2200 777 2294 plus
793 2197 942 2293 copiosa

26 2350 37 2360 ¹·
55 2313 241 2410 virginitas
257 2339 404 2386 numero
423 2315 486 2385 suo
505 2316 620 2400 addit,
642 2335 740 2386 tanto
761 2318 839 2410 plus
858 2308 940 2409 gau-

56 2432 158 2504 dium
177 2431 295 2505 mattis
313 2430 477 2526 augescit.
505 2430 566 2500 Ad
585 2432 646 2519 has
660 2430 857 2525 loquimur,
875 2432 939 2500 has

55 2550 289 2622 adhortamur
302 2547 640 2643 affectionepotius,
663 2572 768 2643 quam
788 2565 940 2643 potesta·

54 2685 111 2738 te:
127 2691 204 2736 non
217 2655 678 2758 quddextremietminimi,
694 2681 728 2734 et
739 2662 943 2734 humilitatis

54 2800 190 2855 nostrae
211 2780 404 2851 admodum
430 2778 565 2852 conscii
590 2779 724 2875 aliquid
749 2781 802 2851 ad'
820 2805 942 2851 censu·
1048 2857 1050 2861 ,
1099 2819 1104 2840 i

53 2926 130 2984 ram
151 2897 298 2969 lice-ntiae
309 2895 549 2984 vindicemus,
576 2898 638 2968 sed
657 2896 757 2992 quod
783 2897 829 2968 ad
848 2895 943 2982 ,solli-

55 3013 252 3090 citudinem
277 3002 389 3107 magis
414 3013 526 3098 cauti,
554 3016 633 3108 plus
661 3015 705 3087 de
732 3012 865 3086 diaboli
893 3014 944 3084 in·

53 3124 252 3205 festatione
278 3130 469 3201 timeamus.
539 3127 670 3223 Neque
704 3129 798 3199 enim
830 3129 942 3202 inanis

53 3250 133 3321 haec
158 3245 274 3318 cautio
298 3266 372 3331 est,
409 3264 444 3316 et
469 3268 559 3317 vana
580 3243 758 3331 formido,
790 3271 867 3340 quae
897 3247 943 3319 ad

52 3364 175 3438 salutis
200 3364 294 3435 viam
319 3361 495 3447 consulit,
523 3387 601 3457 quae
629 3361 807 3434 dominica
832 3381 867 3434 et
892 3361 941 3433 vi·

53 3481 138 3555 talia
165 3498 339 3576 praecepta
366 3477 541 3565 custodit,
570 3500 610 3550 ut
632 3505 709 3575 quae
737 3507 772 3552 se
797 3479 942 3550 Christo

54 3595 270 3680 dicaverint,
296 3617 330 3668 et
349 3623 368 3666 a
389 3596 518 3667 carnali
540 3596 828 3692 coucupiscentia
849 3619 941 3664 rece·
963 3613 969 3632 ·
1052 3652 1054 3658 ,

56 3715 183 3787 dentes
218 3732 287 3784 tam
323 3736 450 3798 carne,
492 3739 594 3808 quam
630 3732 748 3784 mente
779 3737 817 3781 se
850 3709 936 3794 Deo

55 3830 248 3915 voverint,
293 3814 504 3902 consument
540 3855 632 3924 opus
667 3829 768 3902 suurn
805 3837 946 3931 magno

77 3973 123 4055 ht)
143 3978 183 4032 De
202 3977 289 4031 habitu
301 3957 439 4044 ⁴*uirginum
457 3995 482 4030 n.
503 3989 528 4044 3.
546 3989 573 4046 p,
594 3954 641 4036 63,
670 4001 691 4009 ..
