2566 4680
367 307 439 395 305
688 285 925 354 -.........““,’·.·..“
957 338 959 340 .

222 458 336 520 Cswr
364 477 421 529 tur
456 455 612 528 carnales
645 450 807 524 homines
843 447 960 526 minus
997 447 1091 548 proh
1118 449 1239 526 dolore

201 551 541 658 Lxfflvn'sentiunm
564 587 781 664 conquestus
804 595 890 640 vero
913 568 1030 663 regius
1048 569 1237 665 psalmista:

207 667 349 722 w
364 701 542 784 Quoniam,
581 691 706 760 clamat
736 683 799 776 o),
834 699 1015 778 iniquitates
1048 713 1118 757 mee
1136 696 1240 776 super-

360 834 465 896 gresse
486 814 566 894 sunt
598 825 694 895 capue
722 833 849 876 meum:
885 826 916 874 ee
933 809 1018 889 ficut
1046 831 1237 889 musgrave

361 929 591 1010 gravatefimt
605 930 704 1010 super
729 949 785 992 me.
835 919 883 992 Et
909 920 1046 1016 sapiens
1067 917 1124 1007 b):
1157 930 1239 990 Occu·

358 1052 453 1133 patio
481 1066 595 1124 magna
621 1058 727 1108 creatu
750 1056 796 1107 est
820 1047 959 1134 omnious
986 1047 1179 1124 hominibus,
1213 1054 1239 1106 et

363 1170 469 1240 iugum
487 1183 586 1240 grave
597 1163 695 1244 super
711 1160 796 1238 filios
818 1137 947 1239 Adam,
975 1181 996 1223 a
1016 1163 1065 1226 die
1085 1165 1188 1225 exitus
1207 1163 1240 1221 de

362 1294 469 1343 ventre
486 1283 596 1342 matris
614 1297 735 1363 eorum,
761 1298 854 1362 usque
874 1283 906 1340 in
920 1281 1000 1342 diem
1007 1280 1193 1362 sepulture,
1211 1281 1239 1338 in

362 1411 493 1461 matrem
518 1400 663 1460 omnium.
715 1387 803 1482 Agit
827 1385 884 1459 hic
907 1388 1100 1482 generatim
1126 1380 1170 1458 de
1193 1412 1240 1458 ca-

348 1505 577 1579 ·lamitatibus
605 1526 639 1577 et
664 1500 808 1576 miseriis
838 1504 1001 1576 humanae
1028 1503 1130 1592 vitae,
1167 1529 1238 1600 quae

352 1631 434 1714 sunt
454 1633 623 1694 cumomni
645 1647 759 1706 earne²
777 1641 816 1693 ut
838 1615 951 1717 paulo
971 1643 1054 1718 post
1070 1622 1238 1718 loquitur,

364 1747 549 1814 abdomine
576 1748 738 1828 usquead
756 1767 869 1828 pecus,
904 1762 934 1810 ee
947 1746 1046 1831 fimet
1070 1761 1239 1830 peccatores

353 1866 544 1948 septimium.
614 1853 682 1925 Sed
707 1853 791 1941 hic,
827 1856 927 1952 quod
959 1856 1101 1952 gravius
1132 1854 1238 1928 estin

364 1974 465 2046 omni
483 1973 637 2045 humana
659 1970 820 2060 miseria,
844 1974 988 2070 pondus
1006 1971 1238 2070 corruptionis

362 2091 434 2163 suae
453 2089 733 2161 animadvertere
756 2093 942 2178 nolumus,
970 2091 1035 2162 sub
1054 2116 1128 2186 quo
1150 2092 1238 2182 iuge·
1267 2115 1268 2132 ¹

362 2209 515 2280 miscens
541 2211 743 2302 apostolus:
775 2217 889 2296 Infelix
909 2235 969 2292 ego
993 2217 1105 2294 home,
1133 2209 1237 2278 excla-

362 2343 456 2409 mat,
484 2335 553 2414 quis
574 2351 622 2394 me
642 2325 782 2395 liberabit
804 2335 841 2395 de
864 2348 986 2415 corpore
1010 2336 1119 2396 mortis
1143 2334 1235 2394 liuius.

365 2435 526 2536 Ideoque
552 2441 596 2512 ad
616 2461 778 2513 mutuum
798 2467 864 2513 nos
885 2461 1063 2514 certamen
1086 2443 1235 2514 hortatus
1266 2499 1267 2502 ,

363 2557 474 2630 Hebr.
506 2558 590 2628 XII.
624 2583 652 2629 1.
682 2582 721 2648 2.¹
742 2567 953 2650 Deponentes,
989 2557 1127 2654 inquit,
1160 2586 1235 2628 omne
1266 2599 1267 2608 κ

358 2686 483 2768 pondus
501 2696 531 2745 et
550 2687 748 2746 circumstans
770 2697 1024 2766 nospeecotum,
1044 2705 1103 2766 per
1123 2687 1236 2765 potim-

364 2806 444 2862 tiam
474 2785 630 2864 curramus
661 2802 705 2861 od
730 2806 924 2882 propositum
953 2804 1039 2864 nobis
1072 2813 1234 2873 certamen,
1262 2827 1265 2840 ,

363 2919 544 2995 uspicientes
572 2919 605 2975 in
633 2923 789 2976 auctorem
810 2915 887 2992 fidei
917 2929 949 2979 et
973 2931 1235 2980 consummatorem

361 3032 495 3105 Jesum5
529 3005 588 3117 qui
616 3047 765 3118 nempe,
804 3043 844 3094 ut
874 3025 1098 3112 audivimus,
1134 3021 1233 3096 adse

364 3133 431 3211 nos
454 3158 559 3215 vocat
579 3140 712 3212 venire.
766 3140 884 3232 Quem
908 3146 1047 3230 locum,
1075 3135 1232 3237 simulque

362 3282 450 3327 mox
472 3247 614 3329 allatum
635 3259 787 3352 apostoli
809 3285 882 3354 prae
908 3245 1021 3331 oculis
1047 3259 1179 3330 liabens
1202 3255 1230 3325 S.

361 3373 602 3448 Athanasius}
653 3369 810 3463 „Hinc,
850 3363 968 3471 inquit
999 3366 1057 3465 e),
1097 3373 1230 3448 utilitate

362 3508 530 3588 percepta
554 3489 693 3562 divinus
710 3475 913 3587 apostolus.
942 3494 1184 3588 ponderosum
1203 3507 1232 3559 et

362 3610 590 3681 circumstans
604 3628 789 3702 peceatum
805 3610 1007 3706 appellavit.
1023 3609 1136 3704 [Quid
1150 3606 1231 3680 enim
1264 3601 1265 3687 i

360 3711 566 3819 graviuset
593 3725 799 3797 damnosius
830 3728 1011 3822 peccato?
1049 3747 1092 3810 ut
1116 3755 1134 3798 e
1160 3747 1232 3798 eon.-

363 3841 491 3926 trario,
520 3841 605 3934 quid
632 3842 741 3915 levius
764 3861 798 3913 et
820 3844 938 3936 utilius
962 3837 1121 3916 virtute?
1148 3843 1230 3915 Nam

290 4006 312 4036 ··
394 3981 426 4054 a)
438 3985 483 4039 Ps.
497 3986 655 4042 XXXVII.
668 4001 692 4053 ς.
761 3985 884 4055 11)an
898 3989 955 4045 XL.
969 4005 992 4044 r.
1061 3986 1091 4060 c)
1108 3990 1227 4046 ExSerm.

416 4071 469 4138 seu
489 4073 793 4152 comminuemini.
816 4075 887 4132 urst.
905 4077 964 4135 1²1².
988 4077 1020 4132 T.
1044 4075 1077 4131 V.
1095 4090 1122 4147 p.
1144 4085 1198 4142 183.
1263 4128 1264 4145 χ
