2438 4566
297 302 344 368 32
979 367 984 374 .

157 428 272 492 ΟΜΝ
295 449 369 501 tum
396 426 568 524 legimus,
594 423 719 496 relicto
743 424 848 496 etiam
871 412 917 497 in·
931 423 1093 501 Ecclesia
1115 450 1167 526 pe·

146 553 277 608 XXXIV·
296 546 416 619 culiari
435 541 688 615 exorcistarum
708 541 857 629 ordine,
877 543 1037 641 aprimis
1055 545 1166 619 Ecclo

141 674 283 735 vvv
296 666 355 737 siae
376 660 505 735 saeculis
524 678 727 730 constanter
745 658 781 728 in
800 658 924 731 eadem
944 662 1107 749 servato,
1128 682 1168 735 at·

295 807 365 877 que
396 775 549 850 exercita
578 793 751 871 potestate
782 801 858 847 non
884 778 1001 850 solum
1033 805 1056 850 a
1084 778 1169 854 vivis

295 895 463 972 Ecclesiae
489 892 680 978 membris,-
706 917 746 964 ac
769 890 836 979 iis,
861 892 992 989 quibus
1015 893 1054 966 in
1079 920 1170 994 apos·

298 1013 380 1087 tolis
406 1038 447 1083 ea
472 1030 525 1082 est
547 1028 705 1106 potestas
733 1009 837 1094 data,
871 991 1131 1086 verumetiam
1152 1039 1171 1086 a

297 1129 447 1204 mortuis
467 1154 530 1225 per
546 1128 657 1198 sacras
675 1126 834 1222 ipsorum
853 1125 1044 1222 reliquias,
1072 1149 1113 1202 ut
1130 1131 1170 1202 de

298 1249 363 1321 suo
395 1271 474 1317 aevo
504 1243 536 1315 S.
568 1243 847 1340 Chrysostomus
873 1243 1011 1339 homil·
1030 1246 1169 1318 XXVL

189 1352 193 1359 ’
297 1365 335 1436 in
368 1363 468 1459 epist.
496 1362 544 1433 ad
573 1360 736 1433 Thessal.
764 1380 799 1432 et
820 1359 947 1456 passim
977 1361 1093 1452 alibi,
1124 1362 1170 1436 uti

297 1480 357 1554 alii
379 1506 523 1577 quoque
545 1478 600 1550 SS.
619 1477 740 1549 Patres
764 1470 799 1549 et
817 1477 1014 1574 Scriptores
1040 1479 1170 1553 ecclesi·
1213 1540 1215 1549 .

298 1597 421 1684 astici‚
452 1616 618 1669 testatur:
664 1594 907 1682 „Sanctorum
933 1620 1018 1668 ossa
1047 1592 1184 1670 daemo'
1213 1688 1215 1699 Ι

298 1741 362 1789 nes
389 1715 533 1799 fluunt,
560 1732 595 1784 et
617 1712 844 1798 excruciant,
871 1711 1171 1810 acerbissimisque

297 1831 366 1904 illis
396 1830 546 1904 vinculis
572 1855 663 1915 eos,
697 1828 759 1925 qui
786 1816 941 1901 adstricti
965 1830 1076 1919 sunt,
1111 1833 1172 1903 sol·

298 1950 436 2021 vunt.“
495 1946 545 2020 Et
577 1946 609 2018 S.
646 1946 808 2042 Ephrem
842 1945 880 2016 in
917 1948 1087 2020 encomio
1120 1947 1171 2018 SS.

298 2065 412 2138 MM.
468 2116 490 2150 „
502 2064 707 2160 Martyres,
744 2063 815 2150 ait,
849 2061 981 2135 mortui
1007 2082 1170 2161 tauquam
1213 2140 1215 2165 Ι

297 2180 479 2268 viventes,
512 2199 725 2277 operantur3
757 2198 911 2275 aegrotos
935 2181 1084 2270 sanant,
1110 2182 1170 2253 dae·
1213 2204 1215 2209 ·

297 2323 424 2370 mones
445 2301 650 2393 expellunt,
673 2322 888 2392 omnemque
906 2299 1106 2392 tyrannidis
1124 2297 1172 2397 ip·
1213 2283 1215 2289 Ι

274 2440 418 2519 'sorum
445 2414 639 2512 nequitiam
665 2414 703 2485 in
729 2415 849 2510 lugam
875 2434 997 2509 agunt.
1008 2416 1034 2454 ‘⁶
1057 2454 1060 2461 ,
1082 2425 1089 2428 ’
1167 2477 1168 2481 ,

370 2649 633 2722 Miraculorum
654 2675 742 2722 vero
765 2647 878 2742 gloria
897 2649 1038 2746 semper
1057 2649 1094 2722 in
1110 2649 1170 2764 ῌοέ

208 2826 211 2832 .
294 2765 399 2839 clesia
422 2791 486 2861 per
511 2784 627 2837 aetates
650 2765 687 2834 in
711 2765 872 2860 personis
897 2766 1063 2867 singulari
1083 2769 1174 2842 illus-
1202 2813 1205 2818 -

291 2881 403 2954 tribus
421 2881 602 2952 sanctitate
621 2880 814 2976 permansit
831 2884 1050 2981 conspicua,
1077 2884 1167 2983 apud
1213 2914 1215 2955 :

190 3030 193 3037 ¹
292 2996 483 3069 memorias.
507 2996 592 3068 item
617 3016 809 3095 martyrum
836 3000 1056 3096 aliorumque
1081 3005 1169 3075 sanc·

203 3136 205 3145 ’
292 3133 411 3186 torum
437 3114 483 3185 a'd
513 3114 728 3186 hodiernum
754 3141 867 3211 usque
895 3116 1016 3205 diem,
1049 3145 1169 3215 peren·

291 3231 457 3304 nantibus
482 3231 584 3304 etiam
605 3233 688 3304 hinc
708 3220 793 3305 inde
813 3221 998 3306 miraculis.
1052 3235 1097 3307 In
1117 3260 1170 3310 ve·

291 3356 367 3420 tera
404 3365 565 3445 tempora
598 3360 786 3422 excurrere
820 3351 1034 3423 immensum
1066 3353 1166 3426 soret.

293 3462 396 3536 Unus
422 3463 530 3537 instar
554 3465 714 3538 omnium
738 3487 814 3538 esse‘
833 3486 954 3563 potest
977 3467 1008 3539 S.
1035 3462 1170 3567 Grego

184 3570 189 3577 ’
292 3579 364 3654 'rius
380 3598 402 3653 a
418 3581 665 3655 miraculorum
682 3582 880 3679 frequentia
903 3584 1171 3683 thaumaturgus

292 3696 430 3768 dictus:
458 3713 564 3794 quem·
589 3697 621 3770 S.
646 3697 795 3774 Basilius
821 3701 858 3775 in
883 3701 947 3774 lib.
970 3702 1016 3775 de·
1040 3702 1171 3800 Spiritu

292 3810 413 3888 sancto
432 3830 574 3889 testatur
595 3812 634 3907 a)
658 3817 710 3893 ab¹
725 3819 814 3918 ipsis
834 3819 991 3900 veritatis
1008 3805 1172 3924 hostibus

333 3959 365 4041 a)
386 3963 467 4025 Num.
492 3978 534 4033 74.
583 3979 585 3986 ·
