2452 4560
428 314 659 329 m

914 301 987 372 275

67 409 219 520 ssritt'btts
248 430 362 510 malis,
400 440 432 494 et
459 435 541 496 caecr's
573 435 680 497 multis
708 436 840 501 donavit
874 441 986 503 uisum.
1014 435 1128 500 Curua

67 534 211 631 tl'Tum
238 538 439 613 immediate
465 548 591 628 antea,
619 563 811 640 postquam
840 572 988 643 evange·
1013 559 1126 620 lxxx,

67 646 185 777 flista
207 675 411 733 narraverat
435 657 639 730 suscitatum
663 687 684 732 a
707 662 855 735 mortuis
877 664 988 738 lilium
1002 676 1147 740 *W

67 784 92 889 p
102 774 228 851 viduae
255 774 300 846 de
326 773 460 860 Nalm,
495 797 576 847 cum
604 775 672 846 iam
701 778 745 849 ad
772 780 990 875 sepulturam

67 892 325 983 {deferretur5
349 889 488 964 subdit:
516 898 558 963 Et
581 904 662 964 exiit
686 904 735 965 su'c
744 904 850 985 sermo
871 910 904 969 in
924 913 991 970 uui·

67 1018 69 1039 ⁵
93 1034 231 1082 versam
250 1016 390 1111 ,hristum
412 1018 449 1080 de
467 1036 520 1096 eo,
548 1024 580 1081 et
601 1022 637 1081 in
655 1038 773 1083 omnem
794 1027 875 1085 circa
894 1029 990 1101 regio·

87 1154 183 1199 nem.
244 1135 287 1197 Et
310 1136 534 1196 nuntiaverunt
557 1135 673 1207 ,loanni
697 1139 838 1219 discipuli
864 1145 928 1203 eius
952 1143 991 1205 de

88 1251 246 1315 omnibus
268 1246 340 1314 uis(
378 1240 526 1338 Nempe
543 1241 706 1316 Christus
728 1272 803 1316 uon
825 1274 870 1319 ex
890 1249 990 1321 tabu·

89 1359 145 1433 lis
174 1357 415 1455 genealogicis
446 1384 483 1430 se
511 1383 557 1429 ex
582 1358 689 1456 stirpe
714 1359 840 1433 David
866 1390 988 1459 regem

94 1494 332 1563 terrestrem,¹
376 1498 600 1571 regnumque
640 1475 836 1572 periturum
879 1480 988 1554 huius

92 1591 255 1670 mundi,
281 1610 343 1666 aut
364 1590 476 1664 filium
496 1589 619 1664 David
643 1592 865 1666 interiturum
885 1623 987 1670 more

89 1711 266 1783 humano
292 1706 459 1780 exhibere
481 1709 616 1794 voluit,
642 1709 702 1780 sed
727 1710 855 1783 divinis
878 1711 988 1785 virtu·

93 1826 201 1901 tibus
220 1825 465 1897 demonstrare
491 1851 528 1897 se
546 1824 674 1897 Filium
696 1825 769 1898 Dei
790 1848 875 1924 post
895 1856 989 1901 mor-

96 1960 178 2016 tem
199 1943 327 2038 sponte
346 1936 544 2038 susceptam
565 1941 633 2014 iam
653 1968 728 2014 non
744 1945 893 2041 amplius
912 1973 988 2019 mo·

99 2058 277 2146 titutum¹
297 2077 404 2155 atque
425 2056 507 2132 curit
531 2058 609 2131 filiis
630 2060 876 2156 promissionis
896 2085 993 2136 aeter·
1022 2096 1028 2106 ·

99 2200 194 2249 num
206 2195 436 2272 regnaturum
451 2176 488 2245 iu
507 2175 614 2248 coelis.
648 2176 750 2249 Dum
768 2177 908 2250 interim
925 2179 991 2253 filii

104 2290 222 2366 carnis
233 2320 301 2363 cum
312 2310 404 2364 tauta
408 2297 500 2378 stgua
503 2302 631 2382 fecisset
640 2323 743 2366 coram
754 2309 805 2382 eir,
819 2324 879 2367 uon
893 2308 991 2370 crede·
1099 2350 1102 2355 -

100 2420 183 2483 bant
201 2422 233 2481 iu
249 2437 318 2481 eum
338 2404 390 2498 a).
439 2408 584 2506 Nempe
601 2429 641 2480 ut
657 2410 792 2482 Matth.
809 2412 911 2482 Xlll.
935 2437 990 2499 13·

97 2524 274 2599 habetur:
301 2535 386 2617 Quia
404 2536 543 2597 videntes
567 2554 626 2596 uon
650 2537 777 2614 videat,
805 2550 836 2598 et
865 2539 991 2600 audien·

102 2665 153 2716 tes
174 2653 403 2730 manualium,
430 2671 526 2736 utque
548 2652 733 2727 intelligunt.
781 2652 824 2713 Et
845 2655 991 2735 adimple·

104 2780 162 2834 tur
183 2770 217 2831 iu
238 2772 283 2832 eis
294 2769 465 2850 prophetia
491 2770 579 2831 Isoiae
601 2771 748 2831 dictatis.-
784 2770 907 2831 Audita
933 2790 990 2832 au·

104 2887 226 2965 dietis,
251 2896 282 2949 et
311 2904 370 2948 non
393 2886 590 2963 intelligetis.-
616 2898 647 2949 et
670 2887 809 2949 videntes
831 2887 991 2967 uidebitis,

104 3013 140 3067 et
158 3020 218 3064 nou
237 3000 395 3069 videbitis.
458 3002 666 3065 incrassatum
687 3016 733 3065 cst
759 3006 839 3064 euim
860 3024 913 3066 cor
929 3026 989 3087 po·

96 3120 176 3203 pust·
203 3118 318 3198 tutus,
354 3129 385 3181 et
419 3120 544 3182 auribus
571 3121 713 3195 graviter
739 3122 922 3196 audieruut,
958 3132 990 3184 et

101 3234 212 3299 oculos
220 3233 300 3313 suos
318 3234 511 3297 clauserunt:
538 3253 574 3297 ut
593 3235 717 3317 quaudo
734 3236 865 3297 videant
881 3239 990 3310 oculis.

103 3364 140 3419 et
162 3351 288 3413 nuribus
308 3352 459 3429 audiant,
486 3363 518 3413 et
542 3352 631 3414 corde
652 3350 847 3430 intelligant,
875 3366 905 3416 tt
922 3375 991 3419 cou-

102 3479 295 3547 vertantur,
318 3467 470 3547 etsuuem
487 3487 545 3531 eos.
572 3459 658 3532 Erat
679 3458 754 3530 haec
772 3459 862 3532 iusta
882 3488 989 3556 poeua

101 3574 247 3677 peccati
272 3601 415 3663 eorum,
441 3577 501 3674 qui
531 3576 576 3649 ad
600 3594 655 3648 tot
676 3595 713 3647 et
734 3595 830 3649 tauta
856 3576 989 3648 Christi

102 3693 280 3769 miracula
305 3697 430 3766 oculos
452 3694 683 3782 claudebant,
718 3713 758 3767 ut
780 3718 886 3792 quem
904 3693 991 3778 caeci

149 3842 183 3923 ⁶)
201 3842 285 3913 «ἴστω.
308 3840 378 3904 ΧΗ.
403 3855 448 3918 lte
599 3940 628 4027 s

655 3964 678 4020 2
