2438 4566
283 278 332 368 5⁶
604 267 835 309 ''¹¹¹¹''

135 423 249 489 Cn’uT
286 425 502 514 cardinales,
516 422 801 522 temperantiam,
815 421 998 531 iustitiam,
1012 428 1171 528 pruden·

129 543 263 600 Xfflx·
287 544 387 631 tiam,
413 541 665 618 fortitudinem.
710 541 786 635 Qui
807 567 944 640 pauper
961 566 1017 619 est
1032 549 1168 644 spiritu,

132 661 411 743 Wavarus
438 679 602 737 nonest.
666 659 747 751 Qui
766 658 850 747 flet,
877 688 952 734 non
979 664 1142 765 superbit
1153 692 1169 736 :-

285 780 347 852 sed
370 776 460 851 mitis
482 797 534 852 est
556 797 593 850 et
611 795 766 874 pacatus.
819 775 894 869 Qui
913 780 1033 874 luget,
1055 781 1168 854 humi·

286 896 398 971 liatur.
462 893 539 987 Qui
560 895 670 967 iustus
699 912 773 980 est,
801 919 877 968 non
902 917 1034 990 negat,
1061 899 1165 994 quod

287 1013 352 1086 fcit
378 1012 545 1085 omnibus
569 1012 615 1087 ad
638 1036 740 1084 usum
769 1011 1005 1086 communiter
1029 1015 1164 1088 datum.

288 1129 364 1221 Qui
384 1130 584 1216 miseretur,
611 1126 755 1224 largitur
776 1128 822 1198 de
839 1128 912 1202 suo.
964 1128 1043 1224 Qui
1065 1132 1164 1206 suum

286 1247 426 1332 donat,
470 1238 545 1317 non
580 1245 703 1341 quaerit
736 1243 887 1316 alienum
931 1272 1000 1320 nec
1038 1247 1164 1321 dolum

286 1365 456 1460 proximo
492 1363 600 1436 struit
623 1364 646 1400 ‘⁶
702 1361 831 1434 Verba
863 1364 1046 1459 produnt,
1091 1391 1165 1437 rem

286 1481 462 1575 spectasse
488 1479 520 1581 8.
540 1477 790 1567 Ambrosium,
816 1498 921 1574 atque
946 1479 1067 1554 officia
1091 1507 1165 1555 mu·

286 1615 348 1669 tua
376 1597 467 1669 inter
496 1596 681 1684 homines,
720 1595 883 1693 paradiso
904 1600 1040 1670 exules
1073 1597 1168 1671 filios

174 1761 180 1772 ·
287 1711 382 1798 Adae
410 1714 455 1786 ad
482 1737 675 1800 aerumnas,
710 1730 744 1783 et
769 1710 922 1786 miserias
948 1713 1056 1787 huius
1086 1716 1165 1791 vitae

286 1851 413 1912 natos:
448 1828 635 1924 quomodo
666 1827 830 1900 nimirum
861 1828 974 1908 vitam*
998 1828 1182 1905 aeternam'

285 1970 508 2042 regnumque
534 1927 908 2042 coelesterecuperare
937 1947 1079 2052 possint
1104 1975 1168 2046 per

285 2060 534 2162 poenitentiam
552 2061 622 2134 iam
641 2087 662 2132 a
680 2086 899 2158 praecursore
919 2062 1059 2138 Joanne
1076 2065 1168 2164 Bap·
1208 2118 1211 2122 Δ

285 2172 379 2254 sista
400 2178 554 2276 primum
589 2177 857 2268 denuntiatam,
899 2179 1069 2280 deinceps
1103 2211 1167 2282 per

272 2298 472 2374 ,Christum
511 2295 631 2396 lesum
668 2295 849 2379 Messiam
880 2298 1095 2394 promissum
1131 2298 1169 2372 in

166 2495 169 2500 ,
285 2416 398 2493 veteri
420 2432 652 2500 testamento,
688 2432 723 2486 et
746 2408 766 2487 a
792 2414 920 2488 Judaeis
948 2416 1167 2503 desideratis·

287 2534 377 2608 sime
401 2552 667 2634 exspectatum,
693 2532 756 2607 sed
782 2557 997 2629 perperam,
1018 2548 1167 2630 regnum

289 2651 382 2738 eius,
399 2651 435 2724 in
451 2679 556 2727 usura
569 2647 687 2724 rerum
700 2675 949 2745 prosperarum
959 2650 1068 2724 huius
1078 2651 1167 2739 vitae,

286 2772 465 2843 terrenum
498 2765 837 2867 interpretantibus:
878 2758 935 2840 cui
965 2768 1064 2842 falsae
1094 2795 1168 2867 per·

286 2884 442 2957 suasioni
464 2910 483 2955 e
508 2883 682 2957 diametro
710 2879 886 2979 oppositae
909 2884 991 2957 sunt
1013 2886 1071 2959 hae
1092 2887 1167 2958 bea·

287 2999 475 3086 titudines,
494 2998 622 3096 quibus
641 2998 841 3074 admirabili
857 2999 1079 3097 struplicitate
1096 3004 1168 3076 bre

284 3117 464 3214 vitareque
495 3116 816 3195 christiana.huius
849 3136 885 3192 et
905 3119 1058 3209 alterius
1088 3121 1165 3195 vite

285 3235 431 3338 ielieitas
455 3233 505 3308 ob
532 3239 659 3317 oeulos
687 3235 860 3334 ponitur3
898 3233 1167 3336 huiusquidem

285 3353 368 3441 vitae
401 3353 440 3442 in
474 3351 579 3429 rebus.
620 3353 770 3433 omnino
810 3351 1019 3441 contrariis,
1042 3336 1167 3463 'uquam

286 3471 418 3566 quibus
452 3469 608 3556 mundus
644 3470 901 3566 mundanique,
923 3471 1093 3572 homines
1133 3499 1168 3555 se

288 3587 412 3673 beatos
441 3586 664 3676 existiment,
698 3613 772 3690 quo
799 3590 920 3686 suapte
946 3589 1026 3687 spes
1055 3589 1169 3664 omnis

287 3704 491 3791 iudaeorum
510 3704 683 3793 concidit,
703 3704 750 3797 de
760 3704 986 3794 beatitudine
1003 3705 1042 3778 in
1064 3733 1167 3782 cursu

269 3837 275 3889 ¹.
290 3839 464 3934 prospero
479 3822 560 3919 vitaej
571 3822 771 3918 praesentim
790 3848 870 3909 eum
882 3822 1000 3918 potius
1011 3823 1166 3913 inrebus

288 3933 472 4030 sorirstiis
494 3930 644 4029 versati,
665 3940 761 4037 hetti
783 3964 804 4014 a
828 3936 972 4025 Christo
994 3941 1165 4049 dicentur·
