2452 4560
167 444 228 521 Ac
249 445 403 546 primum
421 445 565 542 quidem
582 457 667 519 beati
679 457 967 542 pauperesspirieu,
1004 447 1119 513 catur

90 591 170 664 quo
198 565 435 661 Evangelium
470 563 693 660 philosophis
729 566 871 640 stultitia
904 567 970 639 tuit
997 570 1132 626 xxxix.

91 682 221 757 Judaeis
239 682 478 776 ¹scatndalum:
514 702 588 775 quo
615 681 770 755 haeretici
802 682 971 755 Ecclesiae
990 688 1133 744 “W

92 797 268 875 iudicium
289 816 540 870 contemnunt:
567 796 687 893 spiritu
706 800 767 873 illo
788 799 1134 903 superbiae‚'1³anpertm

96 941 173 1011 quo
192 914 363 1001 maxime,
385 913 421 985 in
439 939 512 1009 quo
532 941 629 986 nunc
647 916 798 995 vivimus
817 941 975 1014 praesens
991 891 1107 1013 s⁹¹r¹⁸¹¹⁸f

97 1033 170 1105 hoe
192 1034 357 1104 saeculum
378 1030 634 1105 existimatione
655 1033 762 1121 lucis,
785 1058 862 1129 quie
882 1054 977 1106 tene·

56 1150 60 1164 '
94 1150 301 1236 bruslum,
339 1149 517 1244 turgidum
542 1148 706 1238 inflatur,
744 1154 871 1224 elatum
899 1151 976 1248 opi-

94 1266 209 1340 nione
231 1264 409 1361 sapientiae
436 1265 540 1337 huius
560 1265 704 1350 mundi,
730 1290 835 1361 quam
861 1269 976 1345 modo

96 1410 154 1456 ex*
185 1386 351 1479 apostolo
393 1380 631 1454 intelleximus
673 1382 811 1455 stultam
853 1385 976 1458 lesisse

96 1501 236 1574 Deum.
309 1499 490 1588 Primum,
529 1524 635 1596 quern
672 1498 790 1603 odisse
822 1492 976 1574 ¹animam

98 1619 196 1691 luam
215 1636 361 1690 testatur
378 1615 535 1712 sapiens,
559 1635 612 1687 est
623 1643 747 1706 pauper
752 1625 905 1708 ilperius
925 1615 975 1709 a).

98 1734 239 1830 Quales
261 1760 343 1806 cum
367 1757 542 1820 essemus,
566 1732 690 1805 docuit
711 1732 875 1806 Christus
895 1760 979 1830 pau-

98 1877 205 1949 peres
223 1849 342 1948 spiritu
362 1876 439 1922 esse
459 1851 591 1922 beatos.
629 1847 680 1922 Ut
690 1849 860 1924 nimirum
881 1851 980 1924 iuxta

100 1968 133 2040 S.
155 1967 327 2054 iacobum
348 1967 374 2040 Ι.
405 1991 461 2039 10.
497 1976 546 2038 Sic
564 1976 714 2052 glorietur
726 1977 834 2067 frater
855 1977 980 2042 humilis

99 2097 134 2157 in
159 2093 351 2157 exultatione
368 2092 458 2172 sua:
496 2095 583 2156 diues
607 2106 719 2164 ,autem
743 2096 776 2157 in
804 2078 981 2169 luimilitate

66 2234 71 2243 ·
90 2210 160 2292 sua
187 2257 195 2273 .
223 2259 232 2274 .
258 2257 266 2274 .
294 2209 431 2272 Exortus
457 2202 503 2272 est
527 2213 606 2273 enim
622 2209 678 2289 fiai
700 2230 768 2273 cum
793 2213 922 2290 ardore,
950 2223 981 2275 et

103 2312 235 2408 arefecit
250 2325 393 2406 funum,
434 2339 464 2389 tt
482 2330 543 2402 flos
571 2329 635 2389 eius
660 2329 795 2406 decidit,
835 2340 866 2391 et
893 2330 982 2391 decor

103 2445 225 2521 uultus.
243 2445 309 2506 eius
333 2444 486 2525 deperiit:
522 2445 572 2502 itu
602 2454 632 2504 tt
657 2443 803 2504 dieresin
826 2446 984 2506 itineribus

87 2560 168 2641 Juir
189 2528 364 2625 marcescet.
425 2547 514 2620 Non
540 2548 677 2621 abludit
702 2549 734 2620 S.
761 2549 982 2645 Augustinus

103 2670 194 2742 dum
219 2666 396 2755 „divites,
415 2665 531 2763 inquit
548 2662 604 2756 b),
626 2664 781 2761 intellige
802 2667 984 2762 superbos,

103 2811 281 2883 pauperes
306 2783 465 2857 humiles.
517 2783 658 2856 Habeat
685 2782 764 2878 quis¹
788 2787 913 2857 multas
940 2785 985 2855 l-

107 2905 256 2976 cultates
277 2901 526 2999 pecuniarum,
554 2900 646 2973 siin
675 2900 724 2973 eis
748 2928 822 2974 non
850 2901 987 2974 extolli·

109 3037 186 3107 tur,
222 3046 359 3119 pauper
389 3038 460 3090 est:
501 3043 578 3088 non
604 3018 735 3091 habeat
760 3019 916 3114 aliquid,
953 3039 988 3092 et

108 3135 246 3234 cupiat,
273 3155 309 3210 et
334 3136 497 3221 infletur,
527 3134 620 3205 inter
642 3133 775 3206 divites·
795 3155 830 3207 et
868 3161 988 3232 repro·

106 3253 177 3328 bos
204 3279 285 3327 eum
315 3254 461 3350 deputat
487 3249 613 3338 Deus,
651 3277 727 3324 non
750 3249 788 3322 in
815 3276 917 3339 arca,
953 3271 989 3325 et

108 3371 234 3444 domo.
301 3370 437 3443 Nonne
467 3392 642 3464 pauperes
673 3367 775 3454 lunt,
801 3368 874 3462 ·qui
904 3370 990 3445 acci·

107 3487 216 3586 piunt
224 3487 429 3560 mandatum
442 3483 598 3583 apostoli
609 3483 757 3556 dicentis
769 3484 990 3556 Timotheo:

108 3615 244 3695 Pracipe
255 3613 403 3675 divitibus
416 3614 508 3674 liuius
518 3612 624 3691 seculi
644 3631 703 3672 aon
710 3609 844 3690 superbe
849 3607 963 3691 supere
980 3614 996 3672 ,δ

109 3721 316 3818 Quomodo
340 3696 422 3807 eos·²
449 3720 510 3815 qui
526 3719 654 3792 divites
672 3738 786 3805 erant,
807 3718 890 3792 lecit
907 3744 993 3815 pau·

153 3909 184 3983 a)
208 3906 288 3961 uecta
311 3904 419 3967 XXV.
443 3918 467 3972 3.
881 3908 884 3915 ι

199 3991 230 4066 ¹¹>
251 3989 330 4050 Sunt.
350 3989 373 4050 1·
390 3991 418 4043 2⁶¹¹
431 3990 480 4075 es..
492 3987 641 4054 Xtrtu.
664 4007 690 4050 n.
710 4001 736 4059 2.
764 3989 795 4052 Τ.
813 3987 865 4051 W·
888 4001 914 4059 a·
928 3989 991 4054 sae
