2566 4680
350 335 421 416 258

192 481 306 544 capue
350 474 468 572 dirigit
493 499 630 558 mores,
654 473 698 544 ad
722 497 829 568 quam
850 472 972 544 senum
995 470 1135 546 reducit
1152 475 1235 549 ae'ta·

178 601 318 658 Lxxt’tt.
350 617 424 681 tes,
463 612 498 665 et
526 617 587 664 eos
618 590 662 661 ad
691 591 790 661 [uum
823 589 967 661 inclinat
997 595 1233 687 exemplum,

188 721 330 778 vvv
349 735 442 807 quos
468 708 515 781 ad
541 731 688 802 regnum
715 704 880 778 sublimat
904 709 1122 780 aeternum.“

478 1055 782 1160 CAPUT
838 1059 1101 1161 LXXVII.
1188 1085 1191 1094 '

335 1255 694 1336 ,SCANDALAi
746 1258 915 1331 IGNIS
945 1257 1236 1336 INEXTIN.

651 1378 928 1457 GUIBILIS.

353 1555 522 1661 Quodsi
547 1554 668 1631 oculus
689 1559 774 1658 tum
788 1547 1024 1654 scandalizat
1052 1566 1112 1645 te,
1150 1559 1239 1634 eiice

401 1697 506 1748 eum:
533 1671 663 1748 bonum
687 1667 830 1746 esttibi
852 1669 989 1748 luscum
1018 1673 1174 1748 introire
1192 1676 1239 1748 in

402 1813 554 1885 regnum
579 1783 680 1874 Deii
710 1811 817 1882 quom
843 1787 932 1864 duos
957 1771 1072 1865 aciatos
1102 1786 1239 1864 haben-

400 1918 472 1982 tem
499 1887 600 1979 mitti
629 1907 669 1978 in
688 1903 891 1999 gehennom
914 1901 1036 2002 ignis:
1064 1902 1127 1980 ubi
1148 1929 1239 1982 ver-

370 2043 377 2054 ·
401 2024 470 2096 mis
498 2021 620 2096 eorum
648 2037 719 2094 non
749 2024 935 2110 moritur,
970 2032 1011 2097 ‘et
1035 2024 1134 2118 ignis
1165 2045 1237 2096 non

403 2135 644 2232 extinguitur.
693 2134 822 2212 Omnis
840 2135 934 2212 anim
954 2137 1037 2236 igne
1050 2135 1236 2241 salietur,

288 2272 290 2276 ·
371 2263 438 2329 'et
458 2251 572 2349 omnis¹
596 2248 750 2340 victimet
764 2245 845 2350 sale
859 2249 1034 2352 salietur.
1083 2251 1236 2330 Bonum
1275 2279 1276 2284 ¹

404 2383 460 2445 est
489 2367 563 2444 sal:
598 2368 709 2467 'quod
739 2366 769 2442 si
800 2367 850 2444 sal
878 2366 1063 2447 insulsum
1093 2369 1234 2457 fuerit,

402 2487 442 2561 in
485 2507 561 2585 quo
601 2485 695 2560 illud
734 2478 959 2562 condietis?
1007 2483 1154 2563 Habete
1195 2489 1236 2561 in

402 2603 510 2679 vobis
533 2602 605 2690 sal,
642 2613 680 2676 et
707 2619 839 2700 pacem
864 2601 998 2678 habete
1027 2604 1233 2678 intervos.

402 2717 519 2796 Marc.
548 2715 618 2794 IX.
645 2723 707 2815 4⁶⁶
733 2731 805 2797 etc.

180 3073 321 3137 Sermone
353 2965 579 3109 Posteriora
608 3029 684 3110 haec
714 3031 825 3111 verba
855 3064 989 3112 nexum
1018 3038 1152 3115 faciunt
1185 3061 1235 3114 to·

180 3159 318 3216 connexio.
354 3157 420 3230 tius
455 3152 622 3229 sermonis
662 3157 707 3227 de
742 3153 937 3243 scandale,
982 3183 1088 3252 quem
1130 3141 1232 3232 etiam
1274 3159 1275 3210 ἒ

351 3269 549 3346 Matthaeus
575 3265 777 3345 immediate
800 3272 985 3369 coniungit
1007 3260 1231 3370 retponsioni

354 3389 484 3486 Christi
518 3391 563 3459 ad
601 3387 915 3485 interrogationem
955 3394 1226 3491 apostolorum,

353 3507 430 3604 quis
451 3505 561 3576 maior
581 3507 621 3577 fit
639 3505 674 3576 in
696 3523 809 3601 regno
827 3503 1014 3578 ctelorum:
1041 3527 1123 3602 post
1149 3531 1229 3581 con·

352 3617 546 3698 tentionem
570 3613 734 3693 nimirum
755 3623 790 3692 in·
813 3617 890 3710 via,
916 3623 994 3718 quis
1015 3607 1140 3696 eornm
1163 3646 1229 3695 ma·

353 3739 408 3811 ior
443 3758 555 3824 esset}
592 3756 633 3811 ut·
669 3730 875 3811 ostenderet
909 3738 1103 3838 apostolia,
1141 3760 1228 3837 quos

354 3857 435 3927 alias
459 3857 505 3926 sal
533 3873 629 3927 tetrae
654 3853 814 3944 vocavit,
843 3857 1029 3952 quomodo
1054 3883 1136 3930 cum
1161 3857 1226 3928 fale

319 4030 337 4066 i,
353 3967 546 4069 sapientia,
572 3963 670 4046 cuius
693 3973 884 4047 acrimonia
908 3963 1056 4050 condire
1080 3973 1226 4050 debeant
