2438 4566
294 198 858 348 96·,...-ι-.-

63 467 64 470 ,
147 396 276 499 (ΜΤ
298 414 427 477 venistis
465 412 509 475 ud
544 410 600 474 m'e.
674 397 862 495 Stupente's
901 396 1084 474 mirantur:
1110 397 1178 501 ipsi

165 518 256 574 XLV.
296 541 428 594 tantam
453 518 548 591 beati
573 513 829 610 benignitatem
854 527 1010 589 dicentes:
1047 527 1177 612 Quando

141 633 329 712 “Wte
347 648 482 709 uidimus
503 643 703 728 esurientem,
726 653 758 704 et
770 645 921 723 pavimus
936 643 1003 706 te?
1029 656 1087 708 eru.
1134 642 1176 710 Bt

296 763 472 847 rtrpdndcns
500 778 579 837 reu,
614 759 695 820 dicet
723 757 808 819 iuis:
842 761 940 821 Amen
968 760 1042 822 dico
1066 761 1176 842 nobis,

288 877 444 966 ‘quamdiu
460 875 585 959 fecistis
613 876 667 935 uui
691 891 736 936 ex
753 874 802 936 lu'r
811 875 973 954 frutribu'r'
987 874 1073 940 mea‘t
1091 878 1177 940 mini·

295 993 485 1073 mis‚›.,m1·ui
502 993 637 1071 fecistis.-
691 977 801 1052 Unde
827 1002 862 1054 et
886 981 995 1056 Dens
1020 983 1177 1082 seipsum

293 1102 332 1180 in
360 1120 489 1175 aeterna
519 1095 737 1175 beatitudine
768 1096 950 1171 constituit
970 1101 1175 1177 mercedem

293 1238 453 1293 nostram
483 1240 647 1315 magnam
678 1212 808 1304 nimis,
844 1240 950 1310 quam
975 1241 1179 1307 meremur,

292 1336 471 1434 quidquid
496 1336 533 1409 in
556 1329 703 1408 nomine
727 1333 801 1408 ‘eius
821 1324 990 1423 facimtis,
1009 1353 1084 1410 *aut
1104 1334 1174 1409 aliie

293 1453 545 1528 benefacimun
596 1451 707 1548 Igitur
730 1451 1008 1551 incomparabile
1034 1479 1079 1528 ac
1103 1451 1174 1526 infi-

294 1571 410 1645 nitum
438 1593 491 1646 est
516 1571 739 1645 intervallum
756 1571 854 1644 inter
881 1569 1063 1644 modicum
1088 1567 1175 1651 illud

290 1691 431 1764 lucrum
453 1707 491 1781 et
505 1686 636 1775 inane,
663 1687 764 1782 quod
781 1687 875 1785 capit
890 1685 1030 1761 animus
1050 1715 1100 1762 ex
1115 1693 1171 1763 va·-

292 1831 342 1879 na
360 1804 511 1902 gloriola
532 1815 606 1877 tum
627 1802 664 1873 in
685 1801 801 1898 seipso
824 1804 1064 1894 delectando,
1093 1801 1172 1880 etim
1209 1888 1212 1893 ,

290 1920 395 1994 etiam
426 1919 471 1995 ab
498 1918 573 1992 aliis
601 1920 778 2016 captando
806 1919 1038 2009 hominibus,
1073 1921 1171 2019 siqui·-

289 2037 374 2109 dem
404 2036 507 2109 etiam
537 2061 617 2108 cum
651 2053 792 2109 terreno
827 2043 1046 2133 quocunque
1079 2062 1170 2112 com·

287 2154 403 2253 modo
429 2178 469 2226 ac
495 2151 641 2224 utilitate
668 2150 710 2223 fit
736 2151 950 2241 coniuncta,
979 2159 1183 2250 quamcunss,

290 2296 363 2366 que
386 2268 529 2365 grandis
553 2267 595 2340 fit
614 2287 835 2365 proventus,
863 2268 891 2343 si
916 2284 1061 2344 tumeo
1081 2296 1172 2346 com·

290 2394 434 2484 paretur
473 2383 627 2482 quodvis
656 2388 736 2458 leve
767 2385 960 2483 pr'aestitum
1002 2387 1170 2485 proximo

290 2505 331 2576 in
357 2503 502 2575 nomine
531 2501 664 2574 Christi
691 2499 848 2578 officium
872 2506 931 2576 vel
956 2503 1172 2579 beneficium

289 2619 539 2695 tantummodo
560 2620 660 2715 aquae'
676 2619 818 2715 frigidae.
870 2619 1107 2718 Tantumque
1122 2621 1176 2694 in·

291 2756 421 2823 terest,
449 2763 494 2808 an
521 2754 616 2807 recta
637 2737 694 2807 vel
716 2733 850 2806 finistra
870 2734 1071 2810 intentione
1089 2737 1172 2834 *quis

294 2855 555 2946 eleemosynam
588 2847 779 2935 exhibeat,
814 2868 875 2922 aut
904 2853 972 2925 alia
1001 2853 1171 2950 proximu

289 2991 402 3063 opera
423 2962 612 3059 charitatisl,
639 2984 679 3037 ut
700 2963 785 3037 inde
808 2966 1025 3062 dependeat,
1054 2978 1103 3044 an
1121 2970 1173 3046 ad

292 3083 475 3174 dexteram
506 3083 548 3155 stt
570 3082 812 3156 'collocandus
833 3082 1019 3180 quisquam
1045 3087 1086 3160 in
1110 3108 1169 3189 ρι’·

289 3221 369 3288 rato
394 3199 499 3275 nobis
521 3227 543 3274 a
565 3198 818 3275 constitutione
839 3200 964 3274 mundi
985 3227 1115 3302 regno.
