2438 4566
543 269 803 331 ··....·¹-.......-

242 291 314 371 358

97 424 212 515 ,Cim
239 442 405 517 imaginem
421 439 552 514 terrori,
573 448 734 523 portemus
751 444 782 495 et
798 432 968 510 imaginem
985 412 1128 516 ccelesiis.¹

111 548 209 605 xcvi.
241 549 304 644 qui
326 573 393 620 nos
418 529 620 617 cohaeredes
637 544 720 613 suos
737 540 879 636 scripsit
895 544 1052 617 coeiestis
1074 571 1128 641 pa·

86 665 313 775 misiae
345 663 391 735 ad
420 687 524 758 quam
560 658 699 767 conditi
727 656 969 759 suspiramus,
1009 672 1127 739 domurn

242 813 303 863 nou
330 788 567 867 manufactam,
606 762 647 845 ut
676 794 783 879 vocat
814 772 864 845 D
896 774 1035 850 Paulus
1066 775 1124 869 a),

242 884 384 971 internam
402 908 434 964 in
460 904 551 1001 caiis.
607 901 687 979 Nam
708 912 739 963 et
758 904 790 962 in
810 900 899 961 boc·
885 908 1126 984 strgemiscimus,

242 996 331 1087 habit
333 1025 466 1123 ationem
490 1030 647 1101 nostram,
685 1034 749 1098 qua
775 1017 812 1077 de
838 1018 910 1079 salo
935 1032 1006 1099 cst,
1024 1020 1127 1104 super·

242 1140 331 1205 indui
359 1138 537 1233 esurientes,-
564 1138 593 1233 si
617 1147 723 1195 tamea
747 1138 873 1212 vestiti,
901 1154 965 1219 non
991 1142 1101 1200 nudi
1089 1158 1129 1199 tu·

242 1258 417 1353 veniamur.
472 1253 553 1313 Nam
581 1228 612 1313 et
642 1253 696 1335 qui
712 1249 861 1329 sumus
850 1271 884 1311 ιιι
908 1252 970 1315 boc
994 1254 1128 1317 taberna·

240 1356 281 1435 cii
284 1372 332 1449 lo,
360 1372 583 1469 ingemiscamus
601 1371 751 1461 gravatis·
779 1369 899 1449 eoquod
918 1372 1062 1434 nolumus
1083 1390 1128 1434 ex·

244 1488 397 1585 spoliari,
422 1484 484 1565 sed
500 1484 718 1569 fimetaestiri.
778 1472 930 1545 Unde
920 1501 958 1545 ιιι
991 1478 1130 1575 Apoca-

225 1570 362 1691 ¹iypsi,
385 1619 454 1688 qua
475 1592 608 1687 nuptiae
628 1616 710 1687 agur
703 1590 980 1667 celebrantur:
1007 1604 1129 1683 Beatus,

247 1694 375 1782 dicitur
398 1706 458 1797 b),
486 1721 543 1799 qui
565 1722 632 1795 vigi
634 1719 702 1794 I‚at
730 1729 760 1791 et
785 1718 922 1781 custodit
949 1724 1129 1783 uestimenta

235 1836 327 1917 saa,
362 1853 398 1894 ue
427 1835 526 1895 uudus
552 1836 710 1931 ambulet,
747 1846 779 1897 st
807 1833 938 1933 uideant
968 1838 1130 1919 turpitudi-

246 1971 317 2017 arem
342 1955 418 2051 ‘²⁰52
496 1999 499 2005 .
596 2028 600 2035 Ι

326 2180 428 2252 Clam
456 2178 560 2250 nobis
587 2205 663 2252 non
691 2197 765 2281 est,
792 2176 890 2253 unde
917 2178 1129 2255 contraxeri·

244 2318 326 2373 mus
344 2298 481 2367 sensum
503 2280 732 2392 turpitudinis
751 2276 796 2367 ex
820 2295 980 2368 nuditate
1003 2316 1128 2369 nostra.

249 2412 411 2506 Quando
438 2435 522 2510 post
545 2440 645 2485 esum
669 2412 767 2512 pomi
789 2411 891 2486 vetiti
917 2414 1031 2516 aperti
1056 2416 1130 2486 sunt

248 2531 345 2621 oculi
366 2550 660 2625 protoparentum
676 2534 894 2601 'nostrorum
918 2527 975 2619 c),
1004 2557 1129 2626 cogno·

248 2668 451 2742 veruntque
476 2673 511 2717 se
536 2674 611 2719 esse
639 2647 777 2734 nudos,
806 2665 912 2742 atque
935 2649 982 2719 ad
1006 2673 1129 2723 vocem

247 2762 404 2859 Domini
428 2762 520 2848 Dei,
549 2764 815 2854 absconderunt
840 2752 919 2835 sea
942 2764 1034 2843 facie
1062 2764 1130 2837 eius

243 2864 284 2951 in
307 2879 426 2975 medio
450 2862 613 2974 paradisi.
673 2890 864 2970 Vocavitque
882 2890 1035 2967 Dominus
1053 2891 1128 2955 Deus

242 2980 372 3079 Adam,
399 3014 429 3065 et
458 3005 542 3090 dixit
563 2989 625 3065 ei:
659 3002 715 3067 Ubi
745 3005 803 3065 es?
830 3006 893 3088 Qui
922 3009 995 3068 ait:
1029 3010 1129 3071 Vocem

246 3090 336 3183 triam
363 3122 473 3183 audivi
500 3125 532 3185 iu
546 3124 721 3203 paradiso,
749 3134 778 3183 et
803 3126 916 3200 timui,
943 3127 1066 3208 eoquod
1072 3118 1129 3185 'nu-

162 3222 167 3232 ⁸
244 3211 303 3302 dus
326 3258 417 3301 essem
432 3262 442 3296 :
482 3253 512 3302 et
537 3242 679 3305 abscondi
705 3257 761 3300 me.
828 3241 881 3299 Cui
913 3242 1023 3304 dixit.-
1051 3243 1130 3335 ¹Quis

245 3360 325 3427 enim
347 3357 500 3416 indicavit
524 3358 601 3439 tibi,
630 3357 714 3438 quod
730 3357 828 3417 nudus
845 3375 944 3435 esses,
972 3361 1032 3420 nisi
1054 3356 1131 3442 quod

248 3493 286 3565 ex
309 3475 407 3549 liguo,
436 3475 472 3533 dc
491 3493 551 3553 quo
570 3491 771 3553 preceperam
794 3474 872 3569 tibi,
901 3493 938 3536 ue
957 3479 1127 3553 comederes,

245 3590 436 3681 comedisti?
480 3580 602 3658 Eiecti.
628 3607 696 3653 nos
735 3581 852 3652 miseri
894 3608 980 3654 cum
1016 3586 1160 3681 primo

245 3674 391 3805 Adamo
425 3724 498 3769 non
526 3700 639 3769 solunt
667 3698 831 3795 paradiso
857 3703 1038 3789 terrestri,
1072 3698 1126 3772 sed

246 3816 349 3887 etiam
378 3815 549 3886 caelesti
541 3844 577 3886 su
605 3814 676 3887 vita
703 3837 854 3901 aeterua,
884 3817 1011 3890 iterum
1043 3842 1123 3891 vero

277 3957 309 4053 a)
319 3961 361 4016 II.
375 3964 431 4015 Cor.
443 3962 477 4014 V.
490 3977 513 4015 r.
550 3957 820 4031 b)dpsc.·XVI.15‹
857 3960 886 4031 c)
897 3967 960 4021 Gan.
969 3966 1031 4023 III.
1041 3965 1121 4035 astq-
