2438 4566
121 250 187 274 ''
262 275 331 344 160
555 260 812 318 -““““““

114 412 228 500 ΟΜ
256 420 437 518 physico,
482 447 585 517 quem
624 421 823 500 scholastici
862 412 1020 495 statuisse
1053 411 1129 502 lunt

144 533 202 588 LX·
256 540 324 609 visi
351 540 385 609 in
409 539 585 610 materiam
608 537 667 608 leu
691 540 849 634 corpus?
877 539 957 612 Nec
978 544 1120 636 potuerit

102 650 482 751 “Womnipotens
505 654 564 724 illa
589 632 715 727 diirina.
734 657 867 742 virtus,=
906 681 986 752 quae
1015 658 1118 731 omnia

258 799 306 845 ex
325 772 436 843 nihilo
457 771 635 863 cond-iditt
658 770 761 842 etiarn
779 772 947 868 spirituali
967 758 1115 848 ereaturae
1152 802 1158 851 t

259 891 278 982 (
292 888 377 984 quin
404 912 495 983 opus
523 887 564 958 stt
588 888 771 991 harmonia
796 873 1050 984 praestabilita}
1069 909 1115 963 aut
1148 854 1158 1011 i

258 1003 368 1077 causis
399 982 704 1089 occasionalibum'
742 1024 895 1098 quorum
925 1008 1058 1079 homini
1082 1011 1115 1078 al·
1151 1014 1158 1103 ξ

257 1141 390 1205 terum,
419 1124 564 1191 alterum
587 1119 672 1205 Deo
696 1121 911 1216 indignum)
940 1125 1015 1198 vim
1038 1126 1113 1195 illam

255 1238 380 1310 indere
407 1239 451 1308 ad
479 1234 781 1332 repraesentandus
806 1239 840 1308 in
871 1238 1050 1313 intellectu
1069 1263 1111 1310 res
1155 1234 1158 1323 J

256 1354 1111 1454 corporales‚utquequodamvoluntatisimperio
1153 1349 1158 1429 :¹

256 1471 295 1542 in
322 1452 381 1542 eas
406 1487 521 1566 agant·
585 1466 836 1542 Materialistus
867 1470 925 1544 hic
954 1473 1111 1546 convenio
1156 1462 1158 1469 ¹

258 1588 465 1660 Christiad
496 1587 706 1659 Sadducaeos
737 1587 880 1658 verbis:
925 1600 1042 1662 Erratis
1069 1616 1112 1660 ror
1151 1566 1158 1689 f

255 1696 656 1792 inteffigentes'ftrrpturnt,
680 1718 758 1798 qute
782 1704 816 1774 iu
836 1706 947 1777 veteri
976 1725 1010 1779 et
1033 1728 1111 1778 novo
1154 1702 1157 1729 ⁵

255 1840 466 1896 testamento
485 1819 530 1890 de
552 1820 719 1914 angelicis
740 1821 916 1916 spiritibus
936 1842 1006 1926 tam
1025 1821 1113 1896 bonis
1134 1877 1138 1894 .

255 1965 360 2035 quam
385 1935 481 2008 malis
505 1956 558 2007 tot
581 1936 714 2008 habent
742 1938 939 2010 testimonia
965 1920 1010 2010 ab
1032 1963 1115 2011 exor-

256 2053 317 2128 dio
348 2053 518 2139 Genesis,
558 2053 603 2124 od
633 2071 851 2148 postremum
883 2066 997 2150 usque
1027 2057 1116 2128 libro

255 2199 332 2245 rum
347 2162 666 2265 theopneustorum
681 2171 765 2244 novi
781 2174 999 2259 testamenti,
1015 2174 1118 2246 Evan-

253 2289 426 2384 geliorum
444 2286 632 2384 imprimis,
654 2287 688 2357 in
708 2281 780 2382 qtio
803 2309 877 2360 nou
898 2291 1013 2361 lolurn
1036 2309 1119 2363 tanta

254 2405 429 2478 habentur
449 2403 557 2501 ipsius
577 2403 712 2475 Christi
737 2405 937 2478 testimonia
956 2409 1002 2479 de
1025 2407 1118 2481 bonis

256 2544 291 2595 et
303 2522 400 2594 malis
414 2523 566 2618 angelis,
588 2524 722 2609 satana,
744 2523 987 2612 demonibus5
1006 2547 1120 2599 verum
1151 2584 1156 2649 Ι

257 2639 359 2713 etiam
388 2658 442 2711 tot
469 2639 683 2711 documenta
711 2639 755 2709 de
781 2638 906 2710 iisdem
933 2667 980 2712 ex
1005 2666 1120 2739 corpo
1153 2711 1156 2751 Ι

252 2756 350 2827 ribus
376 2754 558 2826 hominum
582 2754 763 2848 expulsis:
792 2757 876 2825 dum
899 2755 1119 2831 nihilominus
1152 2756 1156 2874 ᾗ

253 2871 277 2940 ii
300 2870 422 2954 etiam,
449 2869 510 2962 qui
529 2868 709 2939 veritatem
741 2873 982 2965 evangelicam
1004 2886 1118 2972 pr'aese·
1152 2880 1156 2989 j

251 2988 369 3060 lerunt
398 3007 615 3079 agnoscere,·
655 2987 749 3058 haud
776 3009 983 3062 reverentur
1012 2993 1120 3064 obses·
1154 3031 1156 3058 ι

248 3104 368 3176 siones
400 3101 623 3190 daemonum,
651 3125 830 3200 quotquot
856 3127 1116 3193 memorantur,
1154 3088 1156 3095 Ι

250 3219 385 3294 morbis
418 3219 663 3314 corporalibus
693 3221 868 3311 tribuere,
903 3226 1036 3319 quibus
1066 3226 1117 3296 de-

165 3349 172 3366 ’
249 3337 337 3411 tenti
368 3361 387 3407 a
416 3329 561 3408 Christo
591 3336 656 3409 smt
681 3334 840 3428 liberati,
875 3340 1005 3430 etiam,-
1041 3344 1117 3416 dum

244 3457 300 3539 ,ire
328 3438 551 3527 daemonibus
582 3453 618 3525 in
646 3480 838 3551 porcorum
873 3449 1021 3554 gregem
1051 3473 1155 3560 perv¹

251 3573 345 3647 misit
368 3569 427 3662 n):
468 3581 510 3641 Et
532 3588 598 3642 ecce'
623 3585 738 3662 impetu
761 3581 838 3643 abiit
863 3595 949 3647 totus
972 3606 1052 3664 grex
1069 3603 1122 3670 per

220 3689 224 3697 ’
245 3704 425 3784 preceptio
444 3712 546 3762 mare:
567 3709 597 3761 et
615 3697 816 3777 mortuisunt
835 3703 867 3760 in
889 3705 992 3783 aquis.»
1036 3694 1122 3788 Quis
1153 3692 1155 3700 ’

252 3834 326 3880 non
345 3809 458 3880 rideat
475 3823 618 3904 gregem
636 3832 829 3906 porcorum
849 3832 926 3882 esse
942 3832 1121 3909 mortuum

277 3922 323 4034 t)
345 3956 444 4014 Motu
472 3923 554 4017 Vll).
579 3970 624 4026 set
