<?xml version="1.0" encoding="UTF-8"?>
<!DOCTYPE html PUBLIC "-//W3C//DTD XHTML 1.0 Transitional//EN"
    "http://www.w3.org/TR/xhtml1/DTD/xhtml1-transitional.dtd">
<html xmlns="http://www.w3.org/1999/xhtml" xml:lang="en" lang="en">
 <head>
  <title>
</title>
<meta http-equiv="Content-Type" content="text/html;charset=utf-8" />
  <meta name='ocr-system' content='tesseract 3.04.00' />
  <meta name='ocr-capabilities' content='ocr_page ocr_carea ocr_par ocr_line ocrx_word'/>
</head>
<body>
  <div class='ocr_page' id='page_1' title='image "./desublimiinevan02gerbgoog_0138.png"; bbox 0 0 2438 4566; ppageno 0'>
   <div class='ocr_carea' id='block_1_1' title="bbox 54 432 1135 3828">
    <p class='ocr_par' dir='ltr' id='par_1_1' title="bbox 86 432 1135 1016">
     <span class='ocr_line' id='line_1_1' title="bbox 162 432 1117 544; baseline 0.002 -22"><span class='ocrx_word' id='word_1_1' title='bbox 162 448 198 535; x_wconf 71' lang='lat' dir='ltr'>S,</span> <span class='ocrx_word' id='word_1_2' title='bbox 223 447 279 524; x_wconf 90' lang='lat' dir='ltr'>Jo.</span> <span class='ocrx_word' id='word_1_3' title='bbox 300 443 580 544; x_wconf 88' lang='lat' dir='ltr'>Chrysostomus</span> <span class='ocrx_word' id='word_1_4' title='bbox 600 449 650 521; x_wconf 88' lang='lat' dir='ltr'>ad</span> <span class='ocrx_word' id='word_1_5' title='bbox 672 447 791 538; x_wconf 86' lang='lat' dir='ltr'>hanc,</span> <span class='ocrx_word' id='word_1_6' title='bbox 816 469 896 524; x_wconf 92' lang='lat' dir='ltr'>utut</span> <span class='ocrx_word' id='word_1_7' title='bbox 917 478 976 524; x_wconf 89' lang='lat' dir='ltr'>an·</span> <span class='ocrx_word' id='word_1_8' title='bbox 999 432 1117 512; x_wconf 46' lang='grc' dir='ltr'>(ΜΝ</span> 
     </span>
     <span class='ocr_line' id='line_1_2' title="bbox 86 560 1099 665; baseline -0.001 -24"><span class='ocrx_word' id='word_1_9' title='bbox 86 585 231 665; x_wconf 80' lang='lat' dir='ltr'>gustam</span> <span class='ocrx_word' id='word_1_10' title='bbox 253 564 347 638; x_wconf 88' lang='lat' dir='ltr'>viam</span> <span class='ocrx_word' id='word_1_11' title='bbox 370 560 643 661; x_wconf 82' lang='lat' dir='ltr'>capessendam,</span> <span class='ocrx_word' id='word_1_12' title='bbox 666 587 880 664; x_wconf 87' lang='lat' dir='ltr'>portamque</span> <span class='ocrx_word' id='word_1_13' title='bbox 904 595 976 641; x_wconf 87' lang='lat' dir='ltr'>arc·</span> <span class='ocrx_word' id='word_1_14' title='bbox 1021 567 1099 624; x_wconf 69' lang='grc' dir='ltr'>ΗΠ·</span> 
     </span>
     <span class='ocr_line' id='line_1_3' title="bbox 89 682 1135 778; baseline -0.005 -19"><span class='ocrx_word' id='word_1_15' title='bbox 89 704 161 759; x_wconf 81' lang='lat' dir='ltr'>tam</span> <span class='ocrx_word' id='word_1_16' title='bbox 181 682 457 778; x_wconf 85' lang='lat' dir='ltr'>ingrediendam</span> <span class='ocrx_word' id='word_1_17' title='bbox 474 683 580 754; x_wconf 90' lang='lat' dir='ltr'>nobis</span> <span class='ocrx_word' id='word_1_18' title='bbox 602 684 757 756; x_wconf 90' lang='lat' dir='ltr'>animum</span> <span class='ocrx_word' id='word_1_19' title='bbox 778 685 881 757; x_wconf 84' lang='lat' dir='ltr'>addit</span> <span class='ocrx_word' id='word_1_20' title='bbox 900 714 977 767; x_wconf 89' lang='lat' dir='ltr'>non</span> <span class='ocrx_word' id='word_1_21' title='bbox 992 688 1135 754; x_wconf 50' lang='grc' dir='ltr'>*Ν</span> 
     </span>
     <span class='ocr_line' id='line_1_4' title="bbox 91 798 1018 892; baseline -0.002 -15"><span class='ocrx_word' id='word_1_22' title='bbox 91 802 202 877; x_wconf 76' lang='lat' dir='ltr'>{olum</span> <span class='ocrx_word' id='word_1_23' title='bbox 235 826 281 872; x_wconf 85' lang='lat' dir='ltr'>ex</span> <span class='ocrx_word' id='word_1_24' title='bbox 309 798 402 877; x_wconf 80' lang='lat' dir='ltr'>felici</span> <span class='ocrx_word' id='word_1_25' title='bbox 428 799 601 886; x_wconf 87' lang='lat' dir='ltr'>termino,</span> <span class='ocrx_word' id='word_1_26' title='bbox 635 821 676 880; x_wconf 88' lang='lat' dir='ltr'>ut</span> <span class='ocrx_word' id='word_1_27' title='bbox 702 802 734 873; x_wconf 82' lang='lat' dir='ltr'>S.</span> <span class='ocrx_word' id='word_1_28' title='bbox 762 803 976 892; x_wconf 81' lang='lat' dir='ltr'>Maximus,</span> <span class='ocrx_word' id='word_1_29' title='bbox 1012 832 1018 843; x_wconf 94' lang='lat'>·</span> 
     </span>
     <span class='ocr_line' id='line_1_5' title="bbox 92 914 979 1016; baseline -0.002 -24"><span class='ocrx_word' id='word_1_30' title='bbox 92 918 154 993; x_wconf 76' lang='lat' dir='ltr'>led</span> <span class='ocrx_word' id='word_1_31' title='bbox 181 917 287 990; x_wconf 87' lang='lat' dir='ltr'>etiam</span> <span class='ocrx_word' id='word_1_32' title='bbox 317 914 455 993; x_wconf 80' lang='lat' dir='ltr'>facilem</span> <span class='ocrx_word' id='word_1_33' title='bbox 486 915 591 989; x_wconf 91' lang='lat' dir='ltr'>nobis</span> <span class='ocrx_word' id='word_1_34' title='bbox 621 917 733 1015; x_wconf 81' lang='lat' dir='ltr'>ipsam</span> <span class='ocrx_word' id='word_1_35' title='bbox 762 920 857 993; x_wconf 90' lang='lat' dir='ltr'>viam</span> <span class='ocrx_word' id='word_1_36' title='bbox 890 921 979 1016; x_wconf 92' lang='lat' dir='ltr'>(vel</span> 
     </span>
    </p>

    <p class='ocr_par' dir='ltr' id='par_1_2' title="bbox 54 1031 1037 3828">
     <span class='ocr_line' id='line_1_6' title="bbox 57 1031 979 1131; baseline 0.002 -24"><span class='ocrx_word' id='word_1_37' title='bbox 57 1062 66 1071; x_wconf 93' lang='lat'><em>·</em></span> <span class='ocrx_word' id='word_1_38' title='bbox 103 1060 141 1107; x_wconf 89' lang='lat' dir='ltr'>eo</span> <span class='ocrx_word' id='word_1_39' title='bbox 156 1034 259 1131; x_wconf 87' lang='lat' dir='ltr'>ipso,</span> <span class='ocrx_word' id='word_1_40' title='bbox 289 1031 372 1128; x_wconf 90' lang='lat' dir='ltr'>quia</span> <span class='ocrx_word' id='word_1_41' title='bbox 394 1032 451 1107; x_wconf 90' lang='lat' dir='ltr'>via</span> <span class='ocrx_word' id='word_1_42' title='bbox 472 1053 524 1111; x_wconf 85' lang='lat' dir='ltr'>est</span> <span class='ocrx_word' id='word_1_43' title='bbox 546 1054 581 1105; x_wconf 91' lang='lat' dir='ltr'>et</span> <span class='ocrx_word' id='word_1_44' title='bbox 598 1033 732 1130; x_wconf 89' lang='lat' dir='ltr'>porta)</span> <span class='ocrx_word' id='word_1_45' title='bbox 755 1038 911 1117; x_wconf 75' lang='lat' dir='ltr'>ostendit</span> <span class='ocrx_word' id='word_1_46' title='bbox 932 1062 979 1109; x_wconf 87' lang='lat' dir='ltr'>ex</span> 
     </span>
     <span class='ocr_line' id='line_1_7' title="bbox 100 1149 981 1245; baseline 0.003 -20"><span class='ocrx_word' id='word_1_47' title='bbox 100 1149 208 1225; x_wconf 84' lang='lat' dir='ltr'>verbis</span> <span class='ocrx_word' id='word_1_48' title='bbox 242 1149 396 1222; x_wconf 88' lang='lat' dir='ltr'>Christi:</span> <span class='ocrx_word' id='word_1_49' title='bbox 436 1161 553 1234; x_wconf 72' lang='lat' dir='ltr'>,lugam</span> <span class='ocrx_word' id='word_1_50' title='bbox 585 1181 685 1223; x_wconf 85' lang='lat' dir='ltr'>meum</span> <span class='ocrx_word' id='word_1_51' title='bbox 704 1163 811 1245; x_wconf 71' lang='lat' dir='ltr'>suane</span> <span class='ocrx_word' id='word_1_52' title='bbox 842 1178 909 1242; x_wconf 85' lang='lat' dir='ltr'>ert,</span> <span class='ocrx_word' id='word_1_53' title='bbox 948 1175 981 1228; x_wconf 78' lang='lat' dir='ltr'>et</span> 
     </span>
     <span class='ocr_line' id='line_1_8' title="bbox 102 1264 978 1367; baseline 0.001 -25.948"><span class='ocrx_word' id='word_1_54' title='bbox 102 1270 285 1341; x_wconf 78' lang='lat' dir='ltr'>mus&#39;meum</span> <span class='ocrx_word' id='word_1_55' title='bbox 303 1277 380 1340; x_wconf 83' lang='lat' dir='ltr'>leve.</span> <span class='ocrx_word' id='word_1_56' title='bbox 425 1264 663 1359; x_wconf 78' lang='lat' dir='ltr'>„Quomodo</span> <span class='ocrx_word' id='word_1_57' title='bbox 681 1291 817 1357; x_wconf 85' lang='lat' dir='ltr'>autem,</span> <span class='ocrx_word' id='word_1_58' title='bbox 842 1271 978 1367; x_wconf 84' lang='lat' dir='ltr'>quaerit,</span> 
     </span>
     <span class='ocr_line' id='line_1_9' title="bbox 54 1372 1037 1481; baseline 0.004 -24"><span class='ocrx_word' id='word_1_59' title='bbox 54 1372 61 1441; x_wconf 60' lang='grc' dir='ltr'>ι’</span> <span class='ocrx_word' id='word_1_60' title='bbox 102 1384 151 1459; x_wconf 86' lang='lat' dir='ltr'>bic</span> <span class='ocrx_word' id='word_1_61' title='bbox 178 1403 307 1466; x_wconf 85' lang='lat' dir='ltr'>arctam</span> <span class='ocrx_word' id='word_1_62' title='bbox 342 1383 437 1464; x_wconf 92' lang='lat' dir='ltr'>illam</span> <span class='ocrx_word' id='word_1_63' title='bbox 469 1404 728 1481; x_wconf 80' lang='lat' dir='ltr'>angustamque</span> <span class='ocrx_word' id='word_1_64' title='bbox 761 1388 846 1459; x_wconf 88' lang='lat' dir='ltr'>dicit</span> <span class='ocrx_word' id='word_1_65' title='bbox 874 1380 977 1461; x_wconf 73' lang='lat' dir='ltr'>else!</span> <span class='ocrx_word' id='word_1_66' title='bbox 1030 1456 1037 1468; x_wconf 89' lang='grc'><strong>,</strong></span> 
     </span>
     <span class='ocr_line' id='line_1_10' title="bbox 54 1486 979 1591; baseline -0.005 -11"><span class='ocrx_word' id='word_1_67' title='bbox 54 1486 66 1580; x_wconf 78' lang='lat' dir='ltr'>l</span> <span class='ocrx_word' id='word_1_68' title='bbox 104 1500 199 1577; x_wconf 83' lang='lat' dir='ltr'>Certe</span> <span class='ocrx_word' id='word_1_69' title='bbox 229 1502 259 1580; x_wconf 86' lang='lat' dir='ltr'>si</span> <span class='ocrx_word' id='word_1_70' title='bbox 291 1501 503 1589; x_wconf 79' lang='lat' dir='ltr'>attenderis,</span> <span class='ocrx_word' id='word_1_71' title='bbox 531 1500 590 1572; x_wconf 92' lang='lat' dir='ltr'>hic</span> <span class='ocrx_word' id='word_1_72' title='bbox 623 1502 728 1579; x_wconf 86' lang='lat' dir='ltr'>etiam</span> <span class='ocrx_word' id='word_1_73' title='bbox 759 1503 914 1591; x_wconf 83' lang='lat' dir='ltr'>declarat</span> <span class='ocrx_word' id='word_1_74' title='bbox 938 1505 979 1585; x_wconf 82' lang='lat' dir='ltr'>il·</span> 
     </span>
     <span class='ocr_line' id='line_1_11' title="bbox 54 1582 981 1707; baseline 0.008 -17"><span class='ocrx_word' id='word_1_75' title='bbox 54 1582 68 1707; x_wconf 69' lang='lat' dir='ltr'>l</span> <span class='ocrx_word' id='word_1_76' title='bbox 103 1620 159 1692; x_wconf 84' lang='lat' dir='ltr'>lam</span> <span class='ocrx_word' id='word_1_77' title='bbox 183 1619 377 1692; x_wconf 90' lang='lat' dir='ltr'>admodum</span> <span class='ocrx_word' id='word_1_78' title='bbox 403 1645 478 1691; x_wconf 90' lang='lat' dir='ltr'>esse</span> <span class='ocrx_word' id='word_1_79' title='bbox 500 1622 637 1706; x_wconf 84' lang='lat' dir='ltr'>levem,</span> <span class='ocrx_word' id='word_1_80' title='bbox 668 1640 703 1692; x_wconf 91' lang='lat' dir='ltr'>et</span> <span class='ocrx_word' id='word_1_81' title='bbox 727 1620 874 1695; x_wconf 80' lang='lat' dir='ltr'>facilem.</span> <span class='ocrx_word' id='word_1_82' title='bbox 931 1623 981 1697; x_wconf 83' lang='lat' dir='ltr'>Et</span> 
     </span>
     <span class='ocr_line' id='line_1_12' title="bbox 65 1735 978 1833; baseline 0.001 -22"><span class='ocrx_word' id='word_1_83' title='bbox 65 1736 69 1741; x_wconf 69' lang='grc'><strong>’</strong></span> <span class='ocrx_word' id='word_1_84' title='bbox 103 1738 298 1833; x_wconf 88' lang='lat' dir='ltr'>quomodo,</span> <span class='ocrx_word' id='word_1_85' title='bbox 326 1735 488 1831; x_wconf 85' lang='lat' dir='ltr'>inquies,</span> <span class='ocrx_word' id='word_1_86' title='bbox 516 1735 600 1822; x_wconf 87' lang='lat' dir='ltr'>illa,</span> <span class='ocrx_word' id='word_1_87' title='bbox 628 1761 705 1832; x_wconf 80' lang='lat' dir='ltr'>quac</span> <span class='ocrx_word' id='word_1_88' title='bbox 737 1758 831 1812; x_wconf 88' lang='lat' dir='ltr'>arcta</span> <span class='ocrx_word' id='word_1_89' title='bbox 860 1759 914 1812; x_wconf 89' lang='lat' dir='ltr'>est</span> <span class='ocrx_word' id='word_1_90' title='bbox 942 1759 978 1812; x_wconf 88' lang='lat' dir='ltr'>et</span> 
     </span>
     <span class='ocr_line' id='line_1_13' title="bbox 101 1852 982 1954; baseline 0.004 -28.856"><span class='ocrx_word' id='word_1_91' title='bbox 68 1876 256 1951; x_wconf 47' lang='lat' dir='ltr'>*angusta</span> <span class='ocrx_word' id='word_1_92' title='bbox 284 1853 392 1926; x_wconf 84' lang='lat' dir='ltr'>facilis</span> <span class='ocrx_word' id='word_1_93' title='bbox 421 1853 512 1926; x_wconf 88' lang='lat' dir='ltr'>erit?</span> <span class='ocrx_word' id='word_1_94' title='bbox 541 1852 637 1945; x_wconf 84' lang='lat' dir='ltr'>Quia</span> <span class='ocrx_word' id='word_1_95' title='bbox 659 1853 719 1929; x_wconf 90' lang='lat' dir='ltr'>via</span> <span class='ocrx_word' id='word_1_96' title='bbox 743 1875 816 1945; x_wconf 81' lang='lat' dir='ltr'>est,</span> <span class='ocrx_word' id='word_1_97' title='bbox 842 1876 878 1929; x_wconf 89' lang='lat' dir='ltr'>et</span> <span class='ocrx_word' id='word_1_98' title='bbox 899 1883 982 1954; x_wconf 83' lang='lat' dir='ltr'>por-</span> 
     </span>
     <span class='ocr_line' id='line_1_14' title="bbox 73 1970 980 2070; baseline 0.007 -27"><span class='ocrx_word' id='word_1_99' title='bbox 73 1988 147 2061; x_wconf 83' lang='lat' dir='ltr'>·ta‚</span> <span class='ocrx_word' id='word_1_100' title='bbox 173 1972 263 2045; x_wconf 88' lang='lat' dir='ltr'>ficut</span> <span class='ocrx_word' id='word_1_101' title='bbox 284 1971 387 2054; x_wconf 86' lang='lat' dir='ltr'>etiam</span> <span class='ocrx_word' id='word_1_102' title='bbox 411 1970 469 2042; x_wconf 88' lang='lat' dir='ltr'>illa</span> <span class='ocrx_word' id='word_1_103' title='bbox 494 1971 579 2062; x_wconf 85' lang='lat' dir='ltr'>alia,</span> <span class='ocrx_word' id='word_1_104' title='bbox 608 1972 671 2056; x_wconf 81' lang='lat' dir='ltr'>etsi</span> <span class='ocrx_word' id='word_1_105' title='bbox 702 1977 772 2058; x_wconf 83' lang='lat' dir='ltr'>lata</span> <span class='ocrx_word' id='word_1_106' title='bbox 797 1995 833 2046; x_wconf 92' lang='lat' dir='ltr'>et</span> <span class='ocrx_word' id='word_1_107' title='bbox 853 1974 980 2070; x_wconf 85' lang='lat' dir='ltr'>spatio-</span> 
     </span>
     <span class='ocr_line' id='line_1_15' title="bbox 99 2088 981 2184; baseline -0.001 -20"><span class='ocrx_word' id='word_1_108' title='bbox 99 2098 150 2177; x_wconf 67' lang='lat' dir='ltr'>sa,</span> <span class='ocrx_word' id='word_1_109' title='bbox 182 2088 242 2167; x_wconf 86' lang='lat' dir='ltr'>via</span> <span class='ocrx_word' id='word_1_110' title='bbox 276 2109 328 2160; x_wconf 89' lang='lat' dir='ltr'>est</span> <span class='ocrx_word' id='word_1_111' title='bbox 359 2107 394 2167; x_wconf 88' lang='lat' dir='ltr'>et</span> <span class='ocrx_word' id='word_1_112' title='bbox 423 2088 510 2184; x_wconf 89' lang='lat' dir='ltr'>ipsa.</span> <span class='ocrx_word' id='word_1_113' title='bbox 574 2089 616 2160; x_wconf 90' lang='lat' dir='ltr'>In</span> <span class='ocrx_word' id='word_1_114' title='bbox 645 2090 703 2162; x_wconf 81' lang='lat' dir='ltr'>liis</span> <span class='ocrx_word' id='word_1_115' title='bbox 737 2110 857 2167; x_wconf 83' lang='lat' dir='ltr'>autem</span> <span class='ocrx_word' id='word_1_116' title='bbox 891 2090 981 2163; x_wconf 87' lang='lat' dir='ltr'>nihil</span> 
     </span>
     <span class='ocr_line' id='line_1_16' title="bbox 72 2206 977 2293; baseline 0.003 -14"><span class='ocrx_word' id='word_1_117' title='bbox 72 2238 75 2243; x_wconf 93' lang='lat'>·</span> <span class='ocrx_word' id='word_1_118' title='bbox 98 2223 229 2293; x_wconf 86' lang='lat' dir='ltr'>manet,</span> <span class='ocrx_word' id='word_1_119' title='bbox 253 2206 316 2277; x_wconf 87' lang='lat' dir='ltr'>sed</span> <span class='ocrx_word' id='word_1_120' title='bbox 340 2225 524 2277; x_wconf 91' lang='lat' dir='ltr'>transeunt</span> <span class='ocrx_word' id='word_1_121' title='bbox 544 2208 665 2280; x_wconf 91' lang='lat' dir='ltr'>omnia</span> <span class='ocrx_word' id='word_1_122' title='bbox 687 2207 732 2278; x_wconf 91' lang='lat' dir='ltr'>ad</span> <span class='ocrx_word' id='word_1_123' title='bbox 756 2210 848 2281; x_wconf 89' lang='lat' dir='ltr'>hanc</span> <span class='ocrx_word' id='word_1_124' title='bbox 867 2208 977 2282; x_wconf 87' lang='lat' dir='ltr'>vitam</span> 
     </span>
     <span class='ocr_line' id='line_1_17' title="bbox 97 2322 977 2423; baseline 0 -25"><span class='ocrx_word' id='word_1_125' title='bbox 97 2322 322 2423; x_wconf 82' lang='lat' dir='ltr'>pertinentia,</span> <span class='ocrx_word' id='word_1_126' title='bbox 346 2323 417 2394; x_wconf 86' lang='lat' dir='ltr'>five</span> <span class='ocrx_word' id='word_1_127' title='bbox 440 2322 568 2409; x_wconf 89' lang='lat' dir='ltr'>tristia,</span> <span class='ocrx_word' id='word_1_128' title='bbox 589 2326 661 2396; x_wconf 86' lang='lat' dir='ltr'>five</span> <span class='ocrx_word' id='word_1_129' title='bbox 682 2351 862 2421; x_wconf 87' lang='lat' dir='ltr'>prospera.</span> <span class='ocrx_word' id='word_1_130' title='bbox 894 2326 977 2398; x_wconf 92' lang='lat' dir='ltr'>Nec</span> 
     </span>
     <span class='ocr_line' id='line_1_18' title="bbox 97 2438 979 2526; baseline -0.001 -13"><span class='ocrx_word' id='word_1_131' title='bbox 97 2438 170 2517; x_wconf 86' lang='lat' dir='ltr'>ideo</span> <span class='ocrx_word' id='word_1_132' title='bbox 197 2460 337 2518; x_wconf 89' lang='lat' dir='ltr'>tantum</span> <span class='ocrx_word' id='word_1_133' title='bbox 373 2439 486 2511; x_wconf 77' lang='lat' dir='ltr'>facilis</span> <span class='ocrx_word' id='word_1_134' title='bbox 516 2459 569 2511; x_wconf 90' lang='lat' dir='ltr'>est</span> <span class='ocrx_word' id='word_1_135' title='bbox 593 2440 726 2526; x_wconf 88' lang='lat' dir='ltr'>virtus;</span> <span class='ocrx_word' id='word_1_136' title='bbox 768 2442 829 2513; x_wconf 88' lang='lat' dir='ltr'>led</span> <span class='ocrx_word' id='word_1_137' title='bbox 857 2468 877 2512; x_wconf 90' lang='lat' dir='ltr'>a</span> <span class='ocrx_word' id='word_1_138' title='bbox 904 2443 979 2513; x_wconf 88' lang='lat' dir='ltr'>fine</span> 
     </span>
     <span class='ocr_line' id='line_1_19' title="bbox 96 2557 977 2635; baseline -0.005 -2"><span class='ocrx_word' id='word_1_139' title='bbox 96 2562 192 2635; x_wconf 84' lang='lat' dir='ltr'>etiam</span> <span class='ocrx_word' id='word_1_140' title='bbox 217 2558 357 2632; x_wconf 83' lang='lat' dir='ltr'>facilior</span> <span class='ocrx_word' id='word_1_141' title='bbox 384 2557 554 2629; x_wconf 88' lang='lat' dir='ltr'>redditur.</span> <span class='ocrx_word' id='word_1_142' title='bbox 620 2557 663 2628; x_wconf 90' lang='lat' dir='ltr'>ld</span> <span class='ocrx_word' id='word_1_143' title='bbox 693 2557 977 2630; x_wconf 87' lang='lat' dir='ltr'>consolationem</span> 
     </span>
     <span class='ocr_line' id='line_1_20' title="bbox 79 2673 978 2772; baseline -0.008 -19"><span class='ocrx_word' id='word_1_144' title='bbox 79 2676 351 2753; x_wconf 81' lang='lat' dir='ltr'>&#39;decertantibus</span> <span class='ocrx_word' id='word_1_145' title='bbox 373 2701 500 2772; x_wconf 90' lang='lat' dir='ltr'>parere</span> <span class='ocrx_word' id='word_1_146' title='bbox 524 2673 641 2751; x_wconf 57' lang='lat' dir='ltr'>debet-³</span> <span class='ocrx_word' id='word_1_147' title='bbox 694 2673 819 2770; x_wconf 89' lang='lat' dir='ltr'>Itaque</span> <span class='ocrx_word' id='word_1_148' title='bbox 842 2695 875 2746; x_wconf 91' lang='lat' dir='ltr'>et</span> <span class='ocrx_word' id='word_1_149' title='bbox 899 2675 978 2746; x_wconf 88' lang='lat' dir='ltr'>bre·</span> 
     </span>
     <span class='ocr_line' id='line_1_21' title="bbox 96 2782 978 2880; baseline -0.003 -13"><span class='ocrx_word' id='word_1_150' title='bbox 96 2794 177 2870; x_wconf 81' lang='lat' dir='ltr'>vitas</span> <span class='ocrx_word' id='word_1_151' title='bbox 213 2795 382 2868; x_wconf 88' lang='lat' dir='ltr'>laborum</span> <span class='ocrx_word' id='word_1_152' title='bbox 420 2812 455 2865; x_wconf 89' lang='lat' dir='ltr'>et</span> <span class='ocrx_word' id='word_1_153' title='bbox 490 2782 666 2864; x_wconf 77' lang='lat' dir='ltr'>aeternitas</span> <span class='ocrx_word' id='word_1_154' title='bbox 704 2792 893 2880; x_wconf 89' lang='lat' dir='ltr'>coronari,</span> <span class='ocrx_word' id='word_1_155' title='bbox 942 2810 978 2864; x_wconf 88' lang='lat' dir='ltr'>et</span> 
     </span>
     <span class='ocr_line' id='line_1_22' title="bbox 95 2909 975 3009; baseline -0.006 -22"><span class='ocrx_word' id='word_1_156' title='bbox 95 2914 188 3009; x_wconf 87' lang='lat' dir='ltr'>quod</span> <span class='ocrx_word' id='word_1_157' title='bbox 205 2914 284 2985; x_wconf 78' lang='lat' dir='ltr'>haec</span> <span class='ocrx_word' id='word_1_158' title='bbox 308 2911 374 2984; x_wconf 84' lang='lat' dir='ltr'>lint</span> <span class='ocrx_word' id='word_1_159' title='bbox 393 2909 533 3009; x_wconf 73' lang='lat' dir='ltr'>priora,</span> <span class='ocrx_word' id='word_1_160' title='bbox 560 2911 619 2983; x_wconf 85' lang='lat' dir='ltr'>illa</span> <span class='ocrx_word' id='word_1_161' title='bbox 645 2937 735 2986; x_wconf 87' lang='lat' dir='ltr'>vero</span> <span class='ocrx_word' id='word_1_162' title='bbox 758 2909 975 3006; x_wconf 87' lang='lat' dir='ltr'>posteriora;</span> 
     </span>
     <span class='ocr_line' id='line_1_23' title="bbox 94 3027 978 3107; baseline 0 -8"><span class='ocrx_word' id='word_1_163' title='bbox 94 3028 160 3105; x_wconf 82' lang='lat' dir='ltr'>liaec</span> <span class='ocrx_word' id='word_1_164' title='bbox 183 3046 282 3103; x_wconf 89' lang='lat' dir='ltr'>certe</span> <span class='ocrx_word' id='word_1_165' title='bbox 308 3028 431 3107; x_wconf 86' lang='lat' dir='ltr'>omnia</span> <span class='ocrx_word' id='word_1_166' title='bbox 452 3029 642 3100; x_wconf 83' lang='lat' dir='ltr'>maximam</span> <span class='ocrx_word' id='word_1_167' title='bbox 670 3029 707 3097; x_wconf 90' lang='lat' dir='ltr'>in</span> <span class='ocrx_word' id='word_1_168' title='bbox 728 3027 910 3099; x_wconf 86' lang='lat' dir='ltr'>laboribus</span> <span class='ocrx_word' id='word_1_169' title='bbox 932 3028 978 3099; x_wconf 73' lang='lat' dir='ltr'>af-</span> 
     </span>
     <span class='ocr_line' id='line_1_24' title="bbox 85 3142 975 3240; baseline -0.008 -17"><span class='ocrx_word' id='word_1_170' title='bbox 85 3144 203 3223; x_wconf 79' lang='lat' dir='ltr'>lerunt</span> <span class='ocrx_word' id='word_1_171' title='bbox 234 3147 532 3220; x_wconf 83' lang='lat' dir='ltr'>consolationem.</span> <span class='ocrx_word' id='word_1_172' title='bbox 549 3142 567 3179; x_wconf 74' lang='lat'><em>⁶</em></span> <span class='ocrx_word' id='word_1_173' title='bbox 586 3145 818 3240; x_wconf 82' lang='lat' dir='ltr'>Quapropter</span> <span class='ocrx_word' id='word_1_174' title='bbox 843 3142 975 3216; x_wconf 86' lang='lat' dir='ltr'>Paulus</span> 
     </span>
     <span class='ocr_line' id='line_1_25' title="bbox 83 3260 977 3349; baseline -0.009 -8"><span class='ocrx_word' id='word_1_175' title='bbox 83 3266 202 3347; x_wconf 66' lang='lat' dir='ltr'>„levem</span> <span class='ocrx_word' id='word_1_176' title='bbox 232 3265 500 3337; x_wconf 86' lang='lat' dir='ltr'>tribulationem</span> <span class='ocrx_word' id='word_1_177' title='bbox 526 3263 694 3349; x_wconf 87' lang='lat' dir='ltr'>vocavit,</span> <span class='ocrx_word' id='word_1_178' title='bbox 733 3287 806 3332; x_wconf 91' lang='lat' dir='ltr'>non</span> <span class='ocrx_word' id='word_1_179' title='bbox 837 3260 887 3332; x_wconf 95' lang='lat' dir='ltr'>ob</span> <span class='ocrx_word' id='word_1_180' title='bbox 918 3289 977 3334; x_wconf 89' lang='lat' dir='ltr'>na-</span> 
     </span>
     <span class='ocr_line' id='line_1_26' title="bbox 85 3379 976 3479; baseline -0.009 -22"><span class='ocrx_word' id='word_1_181' title='bbox 85 3398 201 3479; x_wconf 65' lang='lat' dir='ltr'>turam</span> <span class='ocrx_word' id='word_1_182' title='bbox 225 3382 462 3455; x_wconf 87' lang='lat' dir='ltr'>accidentium</span> <span class='ocrx_word' id='word_1_183' title='bbox 487 3408 624 3468; x_wconf 87' lang='lat' dir='ltr'>rerum,</span> <span class='ocrx_word' id='word_1_184' title='bbox 644 3381 705 3451; x_wconf 85' lang='lat' dir='ltr'>fed</span> <span class='ocrx_word' id='word_1_185' title='bbox 728 3379 776 3450; x_wconf 95' lang='lat' dir='ltr'>ob</span> <span class='ocrx_word' id='word_1_186' title='bbox 798 3399 976 3475; x_wconf 89' lang='lat' dir='ltr'>promtam</span> 
     </span>
     <span class='ocr_line' id='line_1_27' title="bbox 135 3499 976 3595; baseline -0.01 -20"><span class='ocrx_word' id='word_1_187' title='bbox 135 3504 310 3575; x_wconf 77' lang='lat' dir='ltr'>luntatem</span> <span class='ocrx_word' id='word_1_188' title='bbox 344 3499 600 3574; x_wconf 88' lang='lat' dir='ltr'>decertantium</span> <span class='ocrx_word' id='word_1_189' title='bbox 639 3518 673 3569; x_wconf 88' lang='lat' dir='ltr'>et</span> <span class='ocrx_word' id='word_1_190' title='bbox 709 3501 806 3595; x_wconf 86' lang='lat' dir='ltr'>spem</span> <span class='ocrx_word' id='word_1_191' title='bbox 841 3499 976 3569; x_wconf 70' lang='lat' dir='ltr'>futuro÷</span> 
     </span>
     <span class='ocr_line' id='line_1_28' title="bbox 92 3608 975 3714; baseline -0.007 -21"><span class='ocrx_word' id='word_1_192' title='bbox 92 3608 211 3693; x_wconf 81' lang='lat' dir='ltr'>¹tum.“</span> <span class='ocrx_word' id='word_1_193' title='bbox 263 3617 446 3714; x_wconf 88' lang='lat' dir='ltr'>Prospero</span> <span class='ocrx_word' id='word_1_194' title='bbox 470 3617 592 3695; x_wconf 67' lang='lat' dir='ltr'>Carm,</span> <span class='ocrx_word' id='word_1_195' title='bbox 612 3615 719 3686; x_wconf 88' lang='lat' dir='ltr'><strong>XIX.</strong></span> <span class='ocrx_word' id='word_1_196' title='bbox 748 3633 894 3707; x_wconf 84' lang='lat' dir='ltr'>angusta</span> <span class='ocrx_word' id='word_1_197' title='bbox 915 3611 975 3687; x_wconf 84' lang='lat' dir='ltr'>via</span> 
     </span>
     <span class='ocr_line' id='line_1_29' title="bbox 90 3728 972 3828; baseline -0.011 -18"><span class='ocrx_word' id='word_1_198' title='bbox 90 3744 95 3753; x_wconf 92' lang='lat'>&#39;</span> <span class='ocrx_word' id='word_1_199' title='bbox 119 3734 236 3809; x_wconf 87' lang='lat' dir='ltr'>&#39;atato</span> <span class='ocrx_word' id='word_1_200' title='bbox 259 3735 370 3807; x_wconf 89' lang='lat' dir='ltr'>corde</span> <span class='ocrx_word' id='word_1_201' title='bbox 394 3735 565 3805; x_wconf 81' lang='lat' dir='ltr'>curritur:¹</span> <span class='ocrx_word' id='word_1_202' title='bbox 596 3733 678 3828; x_wconf 87' lang='lat' dir='ltr'>quia</span> <span class='ocrx_word' id='word_1_203' title='bbox 703 3732 766 3801; x_wconf 89' lang='lat' dir='ltr'>iter</span> <span class='ocrx_word' id='word_1_204' title='bbox 790 3728 972 3817; x_wconf 86' lang='lat' dir='ltr'>virtutum,</span> 
     </span>
    </p>
   </div>
   <div class='ocr_carea' id='block_1_2' title="bbox 102 3846 974 3955">
    <p class='ocr_par' dir='ltr' id='par_1_3' title="bbox 102 3846 974 3955">
     <span class='ocr_line' id='line_1_30' title="bbox 102 3846 974 3955; baseline -0.014 -26"><span class='ocrx_word' id='word_1_205' title='bbox 102 3874 164 3949; x_wconf 83' lang='lat' dir='ltr'>quo</span> <span class='ocrx_word' id='word_1_206' title='bbox 188 3853 399 3954; x_wconf 83' lang='lat' dir='ltr'>gradiuntur</span> <span class='ocrx_word' id='word_1_207' title='bbox 424 3877 599 3950; x_wconf 87' lang='lat' dir='ltr'>pauperes</span> <span class='ocrx_word' id='word_1_208' title='bbox 629 3846 785 3935; x_wconf 83' lang='lat' dir='ltr'>Christi,</span> <span class='ocrx_word' id='word_1_209' title='bbox 814 3851 974 3955; x_wconf 83' lang='lat' dir='ltr'>amplum</span> 
     </span>
    </p>
   </div>
   <div class='ocr_carea' id='block_1_3' title="bbox 0 0 1224 4566">
    <p class='ocr_par' dir='ltr' id='par_1_4' title="bbox 0 0 1224 4566">
     <span class='ocr_line' id='line_1_31' title="bbox 0 0 1224 4566; baseline 0 2"><span class='ocrx_word' id='word_1_210' title='bbox 0 0 1224 4566; x_wconf 95' lang='lat' dir='ltr'> </span> 
     </span>
    </p>
   </div>
  </div>
 </body>
</html>
