2438 4566
127 421 246 495 euna
332 368 337 378 ’
467 401 772 520 οΑΡυΤ
824 421 950 524 cur.

14 542 25 727 ν’
74 542 258 725 ὣς
290 538 526 679 carinas
567 603 1014 688 anoruurrznus
1052 610 1121 692 un

453 720 669 809 uuonan
714 731 953 841 cnarsrr

250 892 519 996 'Collegerunt
548 918 639 995 ergo
668 893 863 994 pontifices
898 910 938 982 et
972 897 1134 990 Pharisael

264 1081 268 1086 .
322 1012 549 1102 concilium·
566 1025 604 1088 et
625 1012 811 1093 dicebant:
841 1013 948 1126 Quid
966 1017 1133 1110 facimus,

317 1133 403 1230 quia
426 1129 496 1206 ‘hic
524 1129 643 1207 homo
673 1128 802 1224 multa-
818 1129 920 1231 signa
950 1134 1071 1217 facit?
1104 1135 1135 1214 Si

315 1246 537 1348 dimittimus
561 1271 650 1330 eum
671 1244 741 1336 fic,
768 1271 899 1333 omnes
924 1251 1133 1329 credentin

315 1387 424 1442 eum:
462 1375 500 1440 et
530 1365 681 1448 venient
708 1362 892 1456 Romani,
933 1381 973 1444 et
1008 1370 1133 1447 tollent

314 1494 490 1561 nostrum
513 1481 642 1559 locum
668 1493 706 1556 et
728 1494 891 1595 gentem,
945 1484 1058 1576 Unus
1081 1510 1133 1564 au·

317 1611 397 1675 tem
432 1622 479 1675 ex
515 1599 604 1698 ipsis
630 1593 799 1697 Caiphae
833 1602 1015 1692 nomine,
1056 1627 1132 1689 cunr

268 1785 271 1791 .
316 1730 414 1803 esset
444 1716 616 1816 pontifex
646 1717 733 1800 anni
772 1713 896 1809 illius,
930 1717 1030 1794 dixit
1066 1723 1131 1800 eis:

316 1832 401 1914 Vos·
423 1835 566 1911 nescitis
594 1835 812 1930 quidquam,
851 1857 920 1911 nec·
945 1839 1131 1937 cogitatis,

215 2021 219 2034 ,
317 1953 404 2047 quio
430 1952 575 2049 expedit
603 1947 729 2041 vobis,
765 1961 807 2026 ut
835 1974 928 2027 unus
957 1958 1130 2031 moriatur

313 2066 417 2144 homo
438 2082 510 2164 pro
532 2065 689 2164 populo,
714 2076 750 2142 et
776 2089 847 2157 non
869 2078 948 2144 tota
966 2094 1061 2167 gens
1078 2087 1132 2169 pr.

314 2195 406 2261 rent.
457 2181 544 2269 Hoc
569 2195 734 2264 autema
758 2181 955 2283 semetipso
982 2211 1064 2264 non
1086 2189 1132 2264 di,

312 2305 386 2378 xit:
412 2299 474 2375 sed
493 2324 579 2377 cum
600 2314 695 2377 esset
717 2301 889 2398 pontifex
907 2306 997 2379 anni
1020 2305 1131 2394 illius,

311 2416 569 2525 prophetavit,
593 2417 696 2522 quod
713 2415 737 2496 J
740 2442 822 2495 esus
838 2411 1044 2498 moriturus
1063 2434 1131 2498 erat

192 2555 193 2558 ’
266 2606 268 2612 ,
312 2559 383 2634 pro
405 2547 540 2638 gente,
567 2547 605 2608 et
630 2558 709 2611 non
734 2547 881 2613 tantum
905 2559 977 2635 pro
1001 2554 1129 2639 gente,

310 2650 372 2729 sed
401 2664 445 2728 ut
473 2649 567 2728 filios
592 2648 694 2741 Dei,
729 2654 795 2751 qui
826 2667 930 2729 erant
958 2656 1128 2756 dispersi,

314 2781 561 2869 congregaret
588 2771 628 2844 in
656 2793 784 2848 unum.
851 2768 910 2847 Ab
945 2772 1014 2850 illo
1046 2797 1129 2874 ergo.

314 2886 373 2964 die
401 2889 680 2983 cogitaverunt,
708 2898 751 2970 ut
767 2885 1018 2977 interficerent
1036 2916 1128 2978 euna

312 2999 669 3101 mmmm

457 3185 933 3205 nnn—u———m

88 3359 242 3444 Iniurium
259 3276 428 3428 Modo
449 3343 704 3432 intelleximus,
729 3340 882 3418 concilio
896 3342 980 3424 huic
993 3347 1127 3446 pontili-

25 3518 29 3522 ·
89 3447 211 3566 iffi
262 3493 341 3540 cum
377 3482 411 3534 et
441 3461 698 3537 Pharisaeorum
734 3458 958 3538 occasionem
992 3466 1125 3539 dedisse

257 3582 379 3663 Lazari
405 3578 667 3652 revocationem
694 3579 740 3650 ad
764 3579 896 3665 vitam,
923 3605 1030 3676 quam
1057 3582 1125 3680 qui·

258 3703 338 3797 dam
362 3727 405 3771 ex
424 3697 551 3771 ludaeis
571 3695 824 3792 spectatoribus
843 3694 946 3770 huius
965 3697 1123 3797 stupendi

254 3816 411 3896 miraculi
447 3817 641 3887 retulerunt
680 3815 725 3884 ad
763 3811 982 3901 Pharisaeos,
1024 3839 1121 3911 atque

255 3937 347 4018 adeo
376 3932 414 4014 hi
440 3932 484 4012 ad
513 3931 711 4037 pontifices,
784 3929 871 4051 Non
904 3932 1025 4028 potuit
1051 3959 1119 4006 non
