2438 4566
368 267 607 310 Μ.

876 301 917 366 31

42 427 159 503 modo
185 444 353 524 oporteat
378 423 416 496 in
442 415 567 496 Domo
599 416 673 496 Dei
701 431 923 517 conversari,
949 423 1064 489 ΟΜΝ

42 574 109 642 rprae
133 567 180 618 ert
208 554 342 615 Ecclesia
370 551 427 614 Dei
450 554 544 632 vivi,
575 554 736 630 columna,
764 566 795 616 et
816 553 925 631 firmo·
943 547 1075 603 ΧΧΧΝ·

40 684 182 736 mentum
215 672 362 733 veritatis
395 655 445 751 a).
524 657 770 734 Perseveravit
812 666 1076 758 porroVW

40 780 218 851 hactenus
238 779 459 848 ¹co'nstanter
491 774 529 845 in
565 777 631 850 hac
663 778 739 873 ipsa
764 778 925 852 Ecclesia

43 896 167 967 saneta
191 893 364 967 catholica
391 911 426 964 et
453 893 649 987 apostolica
677 915 923 990 argumentum

42 1013 140 1098 hoc,
166 1036 241 1107 quo
262 1008 422 1081 Christus
440 1015 523 1082 usus
546 1029 597 1081 est
617 1010 663 1081 ad
682 1011 924 1085 demonstran·

43 1129 129 1201 dam
162 1146 376 1224 potestatem
406 1126 502 1197 suam
529 1125 730 1213 remittendi
755 1150 925 1226 peccata,

43 1271 155 1342 quam
192 1245 313 1350 ipsam·
344 1242 381 1312 in
407 1241 568 1314 Ecclesia
599 1242 763 1340 reliquit,
800 1246 925 1318 eadem

42 1365 232 1460 apostolos
261 1362 343 1453 Quos
375 1357 584 1431 instruendo
616 1360 752 1433 Mareh,
784 1361 926 1435 XVIIL

49 1489 107 1557 18.
143 1458 366 1573 iterum‘iiue,
403 1476 490 1547 dum
524 1494 609 1571 post
632 1477 926 1553 resurrectionem

44 1599 142 1670 suam
173 1594 386 1667 insufflando
417 1593 455 1663 in
483 1591 675 1688 discipulos
701 1595 782 1666 suos
809 1594 924 1669 dixit:

44 1725 188 1804 Accipite
222 1721 369 1803 Spiritum
384 1718 557 1797 sanctum.-
593 1738 723 1802 quorum
750 1725 927 1784 remiseritis

37 1850 200 1923 peccato,
226 1840 426 1899 remittuntur
454 1839 522 1897 eis:
552 1847 584 1898 et
610 1855 740 1918 quorum
767 1841 926 1900 re'tinuerid

23 1960 110 2032 tis,
138 1965 257 2017 retento
274 1951 355 2031 sunt
376 1937 425 2032 b).
492 1942 568 2014 Jam
592 1969 681 2016 vero
707 1944 864 2018 abiturus
887 1945 927 2017 in

44 2064 202 2148 coelum,
228 2049 417 2157 postquam
442 2058 606 2155 proxime
626 2079 706 2134 ante
723 2062 937 2159 passionem*

44 2174 242 2275 generatim
267 2174 425 2248 credenti
444 2173 684 2272 promisisset:
715 2187 835 2268 Opera,
863 2205 928 2270 qua

45 2324 99 2382 ego
118 2303 235 2395 facio,
262 2315 294 2365 et
318 2304 383 2383 ipse
398 2300 523 2380 faciet,
551 2315 582 2365 et
606 2308 728 2365 maiora
748 2306 856 2367 trorum
869 2307 927 2383 so·
1041 2362 1044 2367 .
1141 2365 1143 2369 ,

46 2425 107 2484 ciet
133 2407 167 2500 c)
182 2451 199 2495 ,··
229 2409 351 2482 eadem
387 2427 562 2505 potestate
596 2408 786 2483 instructos
812 2412 928 2497 ,mittit

45 2530 234 2625 apostolos
256 2525 291 2597 in
315 2525 516 2598 universum
540 2517 715 2597 mundum
735 2527 924 2623 praedicnre

42 2643 284 2740 Evangelium
311 2640 409 2714 omni
437 2662 626 2715 creaturae:
654 2651 705 2712 11Ιὶ
732 2665 835 2715 autem
854 2674 926 2734 pro-

38 2742 123 2852 serii
144 2771 387 2852 predicaverunt
412 2771 542 2852 ubique,
568 2769 702 2832 Domino
723 2783 925 2851 cooperante,

47 2901 78 2952 et
92 2886 267 2968 sermonem
292 2885 509 2964 confirmante,
537 2886 737 2971 fiquentibus
753 2882 850 2964 signis
872 2875 922 2968 ri).

52 2995 165 3088 Quod
201 3015 236 3068 et
269 2995 399 3067 factum
436 3014 519 3091 post
549 3015 627 3066 acta
662 2993 925 3090 Apostolorum

47 3130 285 3185 monumenta
313 3109 542 3187 ecclesiastica
570 3112 726 3197 docent,
753 3129 793 3182 ut
817 3113 926 3206 longe

46 3227 290 3324 frequentiora
309 3226 454 3322 quidem
477 3225 600 3323 primis
620 3227 687 3298 illis
707 3227 927 3321 temporibus

49 3364 169 3418 essent
197 3344 404 3424 huiusmodi
429 3344 547 3439 signu,
576 3343 722 3440 quando
749 3343 795 3414 ad
817 3343 928 3417 fidem

47 3461 316 3536 convertendus
334 3481 408 3534 erat
427 3461 608 3548 mundusy
628 3459 832 3555 diabolique
853 3485 930 3554 reg·
967 3438 970 3451 ⁸

48 3605 140 3652 num
168 3578 445 3652 destruendum:
483 3577 533 3649 id·
550 3577 649 3674 quod
677 3594 731 3647 tot
756 3602 797 3648 ac
824 3576 931 3649 tantis

49 3694 264 3771 testimoniis
293 3695 338 3767 de
363 3715 536 3792 potestate
561 3694 599 3767 in
621 3693 801 3765 daemones
825 3719 931 3768 asser·

92 3881 126 3956 a)
149 3878 173 3942 1.
200 3880 269 3938 itm.
295 3877 353 3939 ut·
376 3895 418 3946 ις.
506 3877 536 3946 b)
557 3877 633 3943 Joan
657 3874 736 3940 XX.
761 3891 803 3938 22.

141 3965 171 4038 t)
192 3961 232 4019 lt.
256 3959 345 4026 XIV·
370 3974 413 4045 19ε
508 3961 759 4045 dJMrre.XV1.
782 3975 834 4036 203*
936 4047 939 4051 ἱ
