2438 4566
404 295 652 343 ''¹¹⁸⁸''
859 346 860 349 π
886 306 968 378 ⁷261

85 451 186 527 rium
215 452 341 550 possit.
417 454 532 548 Quod
566 473 685 528 tamen
715 453 809 552 proh
840 453 972 528 dolor!
1007 447 1123 512 ΟΜ

90 571 205 644 hodie
232 573 302 643 tam
328 571 518 645 execrabili
541 572 757 660 temeritate,
790 572 975 668 impuden·
995 565 1142 668 LKXW‘

88 686 233 785 tiaque,
259 687 372 762 divini
394 687 583 776 Numinis,
613 690 838 787 nominisque
861 689 948 785 prof
964 689 1129 748 ΝΥ*

87 805 238 878 natione
259 832 336 878 non
353 804 520 892 ferenda,
548 804 651 878 etiam
677 806 714 878 in
735 809 866 903 vulgus
887 802 979 904 spar-

88 921 196 1018 gitur.
248 922 298 994 Et
324 923 371 996 ad
397 920 520 1018 quida
558 921 621 993 An
650 943 865 1021 propterea,
893 923 977 1020 qnia

86 1037 197 1110 miser
222 1038 422 1113 homuncio
451 1039 560 1112 fidem
586 1039 758 1114 detrectat
784 1041 898 1116 vor-bo
925 1038 978 1110 di-

72 1153 203 1241 -vino‚
237 1181 292 1226 res
318 1155 416 1228 aliter
444 1155 674 1245 rehabebit,
708 1183 815 1253 quam
843 1144 977 1230 aeterna
1032 1240 1034 1247 Α
1072 1240 1076 1247 ἃ

84 1269 220 1346 νοτίαις
261 1270 524 1373 pronunciat?
553 1271 639 1368 quid
677 1273 843 1347 obtinent
879 1273 977 1347 isti?

86 1387 181 1485 quid
200 1389 408 1461 lucrantur?
435 1387 496 1483 qui
514 1388 678 1461 timorem
699 1415 883 1487 poenarum
903 1393 976 1464 fine

86 1505 286 1579 carentium
312 1504 376 1576 fibi
404 1503 561 1601 aliisque·
577 1525 743 1579 excutere
771 1507 891 1578 animo
917 1533 980 1603 ge.

88 1622 230 1695 stiunt?
257 1621 358 1694 Num
378 1621 517 1716 ignem,
541 1646 647 1717 quern
669 1619 779 1705 Filius
802 1621 875 1695 Dai
894 1649 976 1720 pro·
1087 1704 1089 1709 ¹

88 1739 232 1812 nuntiat
261 1736 592 1834 inextinguibiiem,
628 1727 697 1837 ipsi
730 1740 977 1837 extinguent?

91 1841 193 1928 Num
220 1853 304 1926 ideo
334 1881 515 1943 ver-mem,
550 1881 657 1952 quern
688 1877 816 1930 aeterna
842 1857 975 1930 veritas

90 1972 180 2048 dicit
199 1997 275 2044 non
292 1972 524 2059 moriturum,
545 1973 788 2061 suffocabunt,
811 1973 978 2048 efficient

89 2114 181 2187 quo,
216 2106 257 2162 ut
286 2089 489 2161 moriatur?
530 2087 602 2162 Vol
623 2091 720 2172 suam
742 2076 976 2187 ipsorummet

88 2226 246 2280 mentem
273 2229 314 2277 ac
345 2203 597 2285 conscientiam
626 2205 765 2279 iamiam
794 2233 890 2280 nunc
920 2234 979 2281 ro·

90 2322 267 2405 dentem?
304 2320 466 2400 Tantum
496 2321 535 2393 in
563 2323 681 2396 obviis
714 2323 900 2420 periculis,
930 2350 976 2401 ne

89 2440 180 2536 quid
201 2439 249 2511 de
266 2438 414 2512 articulo
438 2439 563 2511 mortis
585 2439 720 2533 dicam,
742 2439 804 2512 ubi
822 2460 882 2513 aut
900 2467 978 2536 per·

87 2557 271 2655 pendere,
293 2575 354 2628 aut
373 2554 494 2636 verb-is
510 2557 630 2628 saltem
649 2554 847 2652 exprimere
869 2581 978 2650 angu-

74 2694 178 2748 -stata
205 2699 307 2745 mens
337 2698 414 2743 non
445 2671 594 2769 amplius
619 2689 740 2768 potest
766 2672 826 2761 sua
852 2672 977 2761 sensa,
1031 2730 1040 2747 .

70 2789 296 2867 thuiusmodi
337 2788 520 2866 hominum
563 2787 802 2883 (cuiusmodi
844 2790 976 2886 passim
1018 2832 1021 2839 ι

86 2932 217 2981 eorum
260 2893 423 3003 exempla
467 2893 644 2994 eduntur,
690 2925 735 3000 ut·
758 2931 901 3002 >¹nuper,
937 2906 978 2979 in

89 3047 217 3095 eorum
238 3023 439 3118 'coryphaeo
468 3021 646 3097 Voltairio
676 3049 751 3095 non
777 3049 889 3097 unum
912 3050 976 3120 per

88 3139 223 3226 vitam,
267 3138 427 3211 omnium
466 3164 555 3213 vero
592 3137 900 3211 horribilissimam
937 3140 976 3213 in

86 3276 229 3342 morte,
257 3281 336 3328 sea
360 3253 448 3327 Deo
475 3277 512 3327 et
534 3256 740 3329 hominibus
767 3257 976 3331 dereiictum

87 3372 340 3459 vociferante,
390 3371 616 3469 animamque
663 3390 851 3470 postquam
893 3375 976 3447 furi-

87 3489 239 3562 bundus
259 3488 404 3586 propria
423 3491 483 3562 sua
508 3492 714 3563 devorasset
737 3506 974 3578 excrementa,

90 3607 285 3679 exhalante
297 3606 554 3702 spurcissimam
566 3605 595 3697 )
608 3608 875 3681 considerentur
895 3607 976 3678 hor-

91 3749 208 3810 rores,
234 3744 405 3810 terrores,
428 3725 477 3796 ad
496 3726 651 3820 quodvis
673 3723 866 3819 periculum
891 3749 974 3795 con·

92 3840 249 3931 scientiae
273 3840 462 3926 immanem
489 3861 681 3927 torturam,
710 3864 772 3910 ora
793 3839 974 3935 paliarrtia,

93 3973 280 4032 trementes
298 3977 413 4047 artus,
435 3959 544 4047 futuri
562 3956 773 4056 aliquando,
792 3967 843 4032 utu·
859 3969 973 4028 onmis
