2438 4566
311 192 313 199 ,
381 152 613 173 -—·—-
864 133 936 221 ιη

10 250 44 373 '³¹
70 239 189 366 ielutel
214 262 351 370 pietatis
378 275 550 370 obsequia
577 273 712 372 (ipsius
732 275 827 349 enim
853 296 938 376 prae-
963 261 1081 342 ΕΔΜ

40 378 44 383 ’
69 413 205 488 ceptum
231 411 304 463 est:
345 401 407 485 Qui
434 422 492 462 non
514 402 714 466 honoraverit
729 384 856 485 patient
882 417 938 467 out
974 396 1080 456 LXffl·

66 528 209 594 matrem,
240 528 337 579 morte
367 504 550 597 moriatur)
581 510 643 580 sed
677 511 760 606 quia
782 505 1094 607 paternisw

63 624 232 723 mysteriis
252 624 424 721 ampliu&
446 649 550 719 quam
569 628 733 698 maternis
753 627 939 701 affectibus

63 743 250 816 redebere
277 761 482 838 cognoscet.
545 740 677 837 Neque
704 763 819 816 tamen
847 746 939 816 iuius

47 859 150 934 riost
171 861 369 933 refutantur
392 844 578 955 parentes,
614 859 678 932 led
700 861 939 956 religiosiorer

63 980 197 1076 copulae
217 975 390 1049 mentium
415 975 591 1048 docentur
612 993 705 1063 esse.
733 1003 840 1074 quam
861 982 938 1073 cora

62 1096 231 1193 porum.“
296 1091 448 1164 Videtur
475 1091 511 1163 S.
539 1091 764 1190 Hieronymo
789 1095 827 1167 in
850 1095 886 1168 h.
903 1099 952 1182 l..

33 1228 47 1239 '
62 1207 162 1285 ilttuu
185 1205 245 1299 a),
271 1207 334 1305 qui
356 1207 521 1294 nunciat,
548 1233 625 1280 non
644 1209 792 1283 fortuito
811 1229 846 1283 et
862 1211 938 1296 srm·

63 1325 195 1427 pliciter
221 1324 410 1412 nunciare,
443 1325 504 1398 sed
528 1323 673 1398 insidias
699 1325 845 1399 tendere
867 1328 938 1402 Sal·

64 1441 203 1520 satoris
248 1463 365 1517 utrum
397 1441 566 1540 spirituali
596 1441 696 1540 operi
730 1469 872 1522 carnem
903 1463 944 1520 eo

65 1561 266 1660 languinem
289 1560 458 1656 praeferat
509 1556 653 1644 „Unde
679 1581 714 1633 et
737 1560 941 1651 Dominus,

68 1678 192 1778 inquit,
210 1657 288 1751 non
307 1677 406 1773 quod
426 1692 571 1772 negaret
588 1696 735 1750 matrem
754 1695 789 1750 et
804 1677 947 1772 fratres,

58 1796 155 1870 exire
192 1791 430 1891 contempsit,
470 1793 531 1866 fed
568 1794 668 1891 quod
704 1795 968 1894 responderet.

69 1899 261 2008 insidiantis
287 1911 483 1983 extendens
510 1925 656 1983 manum
681 1908 717 1981 in
742 1910 942 2009 discipulos

69 2029 126 2102 tit:
151 2038 229 2103 Ecce
253 2048 353 2100 muter
375 2056 465 2115 mea,
493 2049 524 2102 et
539 2037 662 2118 fratrer
684 2041 743 2112 mei
767 2051 824 2102 etc.
876 2028 943 2103 Isti

69 2145 139 2233 lunt
158 2133 271 2221 mater
299 2171 401 2232 mea,
436 2146 497 2240 qui·
524 2172 582 2217 me
606 2145 768 2241 quotidie
798 2147 836 2217 in
867 2172 941 2220 cre·

71 2261 221 2361 dentium
246 2261 368 2336 animis
392 2282 574 2357 generant.
616 2260 685 2332 lsti
711 2262 790 2333 lunt
815 2263 943 2335 fratres

68 2381 147 2472 mei,
183 2379 255 2478 qui*
273 2380 408 2453 faciunt
439 2404 547 2476 opera
573 2377 684 2449 Patris
707 2376 793 2448 meit
848 2377 942 2450 Non

69 2524 146 2597 ergo
162 2499 265 2572 iuxta
287 2492 518 2577 Marcionem
545 2513 581 2566 et
601 2493 848 2566 Manichaeum
867 2521 942 2566 ma·

23 2610 26 2617 ’
67 2634 148 2690 trem
168 2615 336 2714 negavit,
364 2633 403 2687 ut
423 2633 524 2686 natus
547 2612 592 2684 de
609 2610 852 2708 phantasmate
875 2603 941 2709 puss

60 2752 211 2820 uretur,
238 2733 300 2806 sed
325 2736 504 2829 apostolos
529 2729 736 2827 cognationi
760 2731 943 2828 praetulit,

64 2870 155 2925 utet
176 2876 245 2924 nos
267 2849 305 2921 in
329 2847 594 2946 comparatione
618 2847 817 2920 dilectionis
843 2847 942 2920 carni

64 2968 224 3067 spiritum
246 2967 514 3064 praeleramus‹“
565 2963 794 3036 Marcionem
818 2964 944 3060 paucis

64 3085 207 3184 expedit
236 3084 505 3157 Tertullianus:
545 3081 764 3167 „Exclamat
792 3079 940 3172 mulier,

59 3201 176 3301 inquit
191 3199 249 3292 b),
277 3201 321 3274 de
343 3200 464 3287 turba,
490 3200 632 3272 beatum
649 3217 806 3288 uterum,
827 3201 887 3297 qui
904 3201 943 3274 il·

62 3323 131 3397 lum
149 3337 346 3418 portasset,
369 3338 403 3392 et
422 3319 552 3405 ubera,
566 3341 657 3414 ,quae
677 3315 776 3391 illum
796 3317 941 3390 educas·

61 3458 145 3513 sent.
182 3435 233 3509 Et
249 3434 454 3507 Dominus:
477 3435 591 3506 Immo
601 3434 713 3520 beati,
733 3436 795 3530 qui
812 3435 942 3506 sermo·

61 3581 140 3629 nem
150 3552 231 3627 D'ei
241 3552 409 3638 audiunt,
424 3552 609 3625 etfaciunt.
629 3551 724 3644 Quia
737 3569 772 3622 et
784 3569 879 3621 retro
893 3551 940 3626 [ιο

56 3672 231 3748 ‘reiecerat
243 3689 408 3758 matrem,
427 3669 640 3754 autfratres,
658 3668 743 3739 dum
762 3667 942 3742 auditores

95 3824 129 3901 r)
145 3825 180 3881 To
191 3819 246 3882 IV.
256 3834 283 3894 p.
297 3833 340 3887 52.
423 3822 452 3896 l)
468 3820 526 3883 [tt.
538 3816 590 3878 IV.
603 3831 689 3880 tantm
699 3817 826 3881 Marcion.
835 3828 864 3897 p.
876 3829 941 3892 443.
964 3826 966 3835 '
