2438 4566
251 327 324 398 310
576 304 811 357 ...Q

109 458 225 522 CAPUT
252 472 347 545 stris,-
372 457 417 532 ab
443 457 505 544 iis,
533 447 721 552 quaeipsis
743 452 890 550 largitur
911 461 1050 542 reficiam
1068 462 1128 547 nos,

89 562 388 673 ²XXXV¹¹inquit3
423 576 468 646 ab
499 601 565 659 eo,
601 574 703 667 quod
732 597 823 644 onus
849 575 931 647 leve
956 573 1124 645 effecerit:
1168 620 1171 631 ι

253 705 371 791 ‚Iugum
388 705 465 768 caim
474 698 679 780 meumsuonc
695 710 756 777 est,
777 710 807 763 et
822 682 899 762 onus
918 718 1022 763 meum
1038 701 1105 763 lene.

335 930 367 1002 S.
389 925 635 1024 Augustinus,
662 943 737 1021 quo
760 951 868 998 nemo
890 925 1036 1023 gravius
1055 950 1128 999 con·

259 1047 430 1127 ditionem
454 1049 614 1118 humanae
643 1043 906 1138 corruptionis,
934 1064 971 1116 et
993 1042 1127 1115 miseriae

1163 4188 1171 4233 t

100 668 241 727 vv*
1106 690 1128 731 o

256 1164 468 1253 adumbrare
506 1163 621 1245 solet,
660 1163 759 1232 velut
797 1183 898 1232 extra
941 1187 981 1233 se
1020 1181 1128 1257 raptus

256 1282 480 1375 exemplum,
508 1278 608 1372 quod
633 1276 737 1347 nobis
762 1276 820 1347 hic
847 1276 882 1346 in
912 1303 949 1349 se
978 1276 1127 1349 Christus

254 1395 449 1493 proponit,
474 1393 693 1466 considerat:
717 1392 928 1479 „Huccine,
951 1388 1126 1489 inquito),

256 1513 395 1586 redacti
429 1515 516 1583 sunt
546 1536 670 1582 omnes
711 1510 862 1583 thesauri
894 1509 1068 1606 sapientiae
1098 1526 1127 1581 et

258 1629 411 1703 scientia:
429 1627 628 1700 absconditi
647 1628 684 1697 in
704 1647 759 1714 te,
778 1647 818 1699 ut
834 1627 904 1698 hoc
922 1654 990 1724 pro
1007 1652 1126 1724 magno

259 1747 436 1819 discamus
459 1772 479 1816 a
502 1765 556 1830 te,
583 1743 752 1840 quoniam
773 1743 865 1817 mitis
887 1770 946 1832 es,
976 1764 1013 1816 et
1030 1741 1127 1817 hurni-

258 1863 302 1935 lis
327 1862 463 1934 corde?
489 1862 589 1931 Itane
610 1888 778 1957 magnum
800 1883 851 1933 est
874 1888 949 1934 esse
972 1886 1125 1960 parvum,

259 1998 302 2052 ut
320 1979 425 2050 nisia
442 1999 496 2064 te,
517 1979 578 2073 qui
594 1998 663 2050 tarn
677 2004 824 2073 magnus
840 2005 896 2066 es,
918 1980 1037 2066 fieret,
1054 1973 1126 2049 disci

260 2095 411 2167 omnino
434 2112 508 2166 non
531 2097 682 2191 posset?
708 2095 761 2166 Ita
779 2098 896 2191 plane.
937 2096 1034 2211 Non'
1045 2093 1126 2166 enim

258 2214 359 2284 aliter
376 2211 555 2283 invenitur
572 2212 711 2307 requies
727 2212 868 2297 animae,
893 2212 959 2284 nisi
980 2212 1127 2308 inquieto

257 2345 400 2400 tumore
416 2328 571 2424 digesto,
586 2355 659 2424 quo
674 2355 802 2424 magna
816 2329 879 2400 srbi
893 2349 981 2418 erat,
996 2326 1126 2426 quando

260 2445 325 2516 tibi
350 2447 433 2516 sana
454 2472 529 2517 non
552 2466 634 2518 erat.
689 2444 852 2518 Audiant
869 2466 922 2534 te,
944 2467 979 2519 et
998 2445 1126 2522 veniant

258 2562 306 2635 ad
326 2581 379 2651 te,
406 2562 467 2657 qui
485 2560 761 2635 misericordiam
785 2581 879 2635 tuam
903 2582 939 2636 et
958 2563 1127 2638 veritatem

258 2697 355 2751 tuam
392 2680 600 2777 requirunt,
638 2679 703 2751 tibi
737 2680 924 2767 vivendo,
967 2681 1031 2753 tibi
1064 2660 1127 2750 noir

257 2795 394 2866 fibi!“
432 2780 570 2864 'Adde
602 2797 676 2867 eius
709 2797 897 2870 Sermones
928 2797 1066 2869 LXIX.
1098 2811 1126 2866 et

258 2908 382 2980 LXX.
400 2909 436 2980 in
449 2911 484 2980 h.
500 2913 521 2979 l.
537 2909 567 2980 S.
583 2912 748 2983 Matthaei
764 2909 812 3001 b).
864 2915 914 2987 Et
937 2916 1036 3012 apud
1056 2912 1126 2984 Cas·

256 3026 397 3098 sianum
418 3030 534 3099 collat.
557 3028 701 3100 XXIV.
733 3057 810 3127 cap.
838 3057 895 3107 22.
927 3057 986 3120 23.
1012 3028 1127 3127 quibus

259 3144 463 3217 continetur
487 3144 716 3240 interrogatio
740 3169 774 3220 et
798 3149 1004 3245 responsio,
1032 3142 1126 3244 quali·

256 3279 311 3332 ter
340 3262 611 3356 intelligendum
638 3264 704 3352 fit,
739 3266 839 3359 quod
871 3265 908 3337 in
938 3260 1124 3360 Evangelio

259 3379 409 3450 dicitur:
437 3389 552 3463 Jugum
576 3410 674 3452 meum
684 3389 790 3467 suave
806 3404 870 3469 est,
899 3404 930 3453 et
948 3411 1025 3454 onus
1040 3400 1126 3453 meum

261 3506 351 3568 leve:
389 3513 423 3564 et
448 3521 522 3590 cap.
549 3521 605 3583 24.
638 3498 721 3571 dum
749 3525 901 3571 amarum
931 3499 1074 3596 iugum,
1096 3508 1125 3565 et

261 3639 369 3708 grave
388 3639 480 3685 onus
497 3614 660 3702 sentitur,
692 3616 879 3711 quomodo
906 3612 1124 3689 contumacia

260 3751 391 3803 nostrae
418 3731 533 3804 omnis
563 3736 668 3832 culpa
693 3734 880 3810 tribuenda
906 3734 949 3806 srt
975 3736 1123 3809 declarat.

303 3913 333 3987 c)
358 3913 396 3966 De
421 3914 577 3982 Virginitute
597 3935 621 3978 rr.
647 3931 690 3985 35.
717 3921 748 3977 T.
774 3918 824 3978 VI.
846 3934 873 3990 p·
897 3930 960 3988 358.

348 3996 378 4073 ὗ)
404 3997 434 4051 T·
461 3998 493 4059 V.
514 4013 541 4068 P·
565 4010 625 4068 880·
649 4011 698 4065 ek·

1163 4418 1171 4447 i
