2438 4566
243 432 546 580 chUT
601 431 772 528 xcu
962 429 1077 502 cm

22 620 234 704 NEMO
265 622 323 696 SE
353 622 428 694 DE
459 605 804 699 VOCATIONE
836 617 1101 734 SUAww
980 559 1063 616 XCV

318 739 426 818 EF
432 746 634 835 FERAT

110 1046 182 1118 mi
206 1040 330 1117 Multi
347 1043 441 1115 enim
452 1038 546 1138 sunt
565 1046 707 1132 vocati,
722 1046 834 1141 pauci
850 1064 942 1118 vera

109 1157 221 1236 electi.
276 1155 414 1233 Matth.
442 1162 530 1232 XX.
565 1164 619 1232 16.
1036 1154 1041 1161 ’

23 1517 26 1521 ·
56 1413 288 1574 Terribilis
318 1486 391 1556 haec
423 1482 557 1557 Christi
586 1484 738 1558 Domini
767 1488 935 1560 sententia
953 1507 1110 1577 Navissinag

60 1627 129 1676 ceu
148 1590 388 1698 epiphonema
410 1602 571 1675 adiicitur
589 1603 765 1699 parabolae
791 1605 836 1676 de
857 1627 941 1701 ope
928 1611 1048 1664 9¹¹¹¹¹¹
1064 1602 1094 1650 θ*

59 1719 183 1804 ratiis,
210 1744 300 1813 quos
326 1719 605 1814 paterfamilias
594 1747 632 1791 m
660 1720 801 1794 vineam
828 1721 942 1792 diver
952 1679 1094 1822 pima-

61 1836 110 1909 sis
130 1833 225 1909 horis
211 1835 339 1907 amisit
362 1836 406 1905 ad
431 1837 686 1923 laborandum,
714 1837 844 1933 quibus
869 1864 945 1909 om·

62 1951 171 2023 nibus
196 1952 279 2022 dum
301 1951 359 2023 ille
382 1952 530 2024 eandem
555 1952 722 2026 omnibus
742 1956 944 2028 mercedem

63 2068 102 2140 in
121 2068 196 2140 fine
216 2067 287 2139 diei
309 2067 479 2155 dedisset,
505 2071 772 2142 murmurabant
792 2070 855 2165 qui
876 2073 946 2168 pri·

65 2185 190 2257 oribus
211 2184 307 2256 horis
327 2183 466 2271 vocati,
493 2186 683 2281 portarunt
704 2188 848 2284 pondus
873 2188 945 2260 diei

67 2321 103 2374 et
122 2320 245 2388 aestus,
272 2301 356 2372 dum
383 2301 687 2398 aequiparabantur
708 2301 775 2401 illis
804 2303 842 2374 in
859 2331 948 2377 mer·

65 2416 183 2503 cede‚·
199 2417 260 2514 qui
282 2417 463 2488 novissimi
482 2418 600 2490 vocati
619 2446 681 2487 rma
698 2427 776 2488 liora
782 2429 947 2507 fecerunta

66 2533 165 2607 unde
189 2534 286 2620 sunt,
312 2533 373 2628 qui
395 2532 599 2628 parabolam
624 2535 669 2605 ad
690 2533 953 2631 ipsosaposto·

66 2653 122 2722 los
149 2649 323 2745 pertinere
352 2650 580 2736 existiment,
608 2675 697 2745 quos
725 2649 815 2720 inter
845 2675 954 2722 acmu-

66 2765 154 2839 latio
180 2767 341 2862 quaedam
356 2812 366 2851 ,·
393 2786 429 2840 et
458 2767 640 2839 contentio
667 2766 733 2838 fuit
755 2767 950 2862 aliquando

69 2883 115 2954 de
141 2883 315 2979 primatu,
341 2905 447 2981 atque
471 2885 573 2957 etiam
598 2905 723 2981 postea
751 2884 795 2956 de
823 2882 954 2958 labori-

68 3000 138 3074 bus
161 3000 387 3096 apostolicis,
415 3012 504 3096 quos
534 3001 664 3074 Paulus
691 3020 785 3074 certe
801 3001 954 3080 ‚novissi-

70 3142 151 3189 mus
177 3138 325 3192 vocatus
350 3116 523 3213 plurimos
546 3107 710 3211 suscepit'
758 3115 852 3187 Huic
879 3117 954 3210 qui·
990 3157 993 3165 ›
1040 3159 1045 3167 ·

71 3235 156 3306 dem
184 3231 467 3332 interpretationi
497 3258 573 3304 non
606 3250 809 3325 congruunt
842 3232 954 3306 verba

70 3350 149 3422 iila:
186 3361 276 3421 multi
292 3358 372 3438 sunt
395 3360 525 3436 uocati,
556 3360 653 3438 pauci
678 3376 753 3418 uero
779 3359 889 3435 electi,
925 3347 957 3420 si

73 3467 219 3564 praecise
244 3466 396 3564 apostoli
415 3468 616 3562 spectentur
641 3463 744 3536 etiam
763 3491 852 3538 cum·
871 3478 956 3559 pro·

33 3588 37 3593 ’
74 3586 192 3657 ditore
212 3584 321 3670 tuda,
342 3582 646 3678 communiterque
668 3581 836 3677 accipitur
855 3603 955 3672 para-

73 3701 160 3775 bola
179 3701 225 3772 de
246 3701 392 3772 diversis
414 3698 573 3772 aetatibus
593 3699 637 3770 ab
657 3697 796 3788 origine
815 3694 953 3782 mundi,

75 3817 206 3931 quibus
230 3816 350 3889 vocati
371 3818 451 3889 sunt
473 3843 495 3888 a
521 3815 606 3887 Deo
630 3811 811 3895 homines,
839 3811 957 3882 novis

50 3926 164 4007 *sime
188 3940 262 4033 pe'r
279 3932 471 4008 Christum
487 3931 623 4012 vocatis
647 3920 834 4030 gentibns;
862 3927 959 4004 unde
