2438 4566
243 288 316 368 378

100 425 216 490 ΒΑΜ
242 428 331 500 illud
366 424 469 500 etiam
509 425 725 512 observans,
765 426 866 523 quod
905 429 1053 525 gravior
1084 431 1121 507 fit

139 547 168 602 ⁰·
238 545 484 642 scripturarum
500 565 533 616 et
544 543 797 640 prophetarum
812 544 1000 633 doctrina,
1019 575 1117 644 quarn

84 662 272 736 VWsi
304 660 383 757 quis
417 672 436 732 a
467 659 615 732 mortuis
652 660 873 733 resuscitatus
912 668 1093 738 renuntiet
1105 654 1116 737 ¹:

242 778 392 868 „Nam‚
419 775 552 872 inquit,
581 780 786 872 angelorum
811 778 938 866 herus,
964 808 1116 855 mortuo·

242 920 321 970 rum
344 895 470 992 pariter
493 920 534 965 ac
552 892 748 966 viventium
771 894 939 992 domninus
962 888 1114 996 ipse⁸eas

240 1010 445 1086 condidit.“
495 1011 577 1082 Hoc
602 1001 857 1104 &Gregorius
883 1015 946 1087 M.
975 1042 1022 1087 ex
1048 1018 1114 1113 ipsa

240 1127 404 1200 doctrina
431 1127 559 1199 veteris
590 1145 626 1198 et
653 1151 755 1200 novre
786 1129 873 1223 legis
905 1132 1027 1205 adhuc
1053 1161 1114 1207 am·

238 1246 332 1341 plius
357 1238 511 1338 stringit':
540 1243 667 1336 „Quia
689 1244 870 1332 nimirum,
899 1248 950 1320 ait
972 1247 1033 1338 a),
1059 1250 1112 1346 qui

238 1361 348 1432 verba
384 1360 471 1458 legis
509 1360 729 1457 despiciunt,
770 1362 1005 1438 Redemtoris
1036 1392 1113 1464 prae·

236 1498 360 1574 cepta,
398 1479 530 1574 quiex
555 1479 702 1549 mortuis
732 1481 944 1566 resurrexit,
984 1505 1109 1579 quanto

231 1595 418 1672 subtiliora
443 1592 548 1682 sunt,'
570 1614 667 1666 tanto
689 1595 765 1666 haec
790 1595 970 1669 difficilius
997 1599 1109 1696 imple·

235 1713 337 1787 bunt.
382 1712 511 1784 Minus
533 1731 586 1784 est
605 1710 698 1783 enim
717 1711 893 1808 quidquid
915 1741 984 1810 per
1003 1719 1108 1811 legem

235 1829 381 1916 dicitur,
409 1854 514 1924 quam
539 1820 610 1900 boe
631 1829 731 1924 quod
753 1856 816 1925 per
841 1829 1045 1904 Dominum
1064 1834 1107 1904 iu·

233 1947 347 2018 betur.
415 1947 478 2018 Illa
511 1947 603 2018 enim
638 1945 712 2017 dari
748 1946 900 2019 decimas
932 1949 1101 2046 praecipit3

198 2112 200 2117 η
231 2063 435 2136 Redemtor
457 2091 545 2138 vero
571 2084 690 2137 noster
713 2063 758 2134 ab
785 2064 863 2148 his,
891 2066 954 2160 qui
983 2069 1104 2162 perfec·

194 2204 199 2210 ·
232 2179 366 2253 tionem
385 2183 595 2276 sequuntur,
615 2179 735 2252 omnia
755 2180 884 2254 dimitti
902 2182 1012 2257 iubet.
1049 2185 1103 2256 Illa

190 2303 200 2349 5
230 2320 377 2394 peccata
399 2297 511 2370 carnis
536 2316 687 2392 resecat3
716 2297 918 2370 Redemtor
938 2327 1028 2373 vero
1050 2326 1103 2371 no·

233 2437 304 2488 ster
324 2415 462 2508 rllicitas
487 2413 719 2508 cogitationes
742 2412 847 2486 etiam
871 2415 1026 2508 damnat.
1074 2418 1101 2486 Si

232 2561 302 2618 ergo
320 2541 449 2622 Moysen
469 2554 499 2602 et
514 2540 684 2622 prophetas
706 2559 765 2601 non
788 2539 942 2619 audiunt,
970 2564 1063 2626 neque
1079 2546 1101 2606 ri

231 2662 301 2742 quis
327 2677 365 2721 ex
388 2661 518 2719 mortuis
539 2661 759 2734 resurrexerit,
787 2660 907 2722 credent
921 2682 938 2719 .·›
963 2653 1046 2747 quia
1068 2649 1100 2722 hi

229 2766 290 2860 qui
305 2765 430 2838 viliora
449 2765 533 2860 legis
551 2786 726 2861 praecepta
744 2765 890 2861 implere
910 2769 1097 2873 negligunt,

228 2882 417 2982 Salvatoris
452 2881 564 2953 nostri
598 2880 770 2953 mandatis
802 2882 989 2957 altioribus
1025 2887 1100 2958 obe·

227 2998 301 3071 dire
338 2999 484 3096 quando
519 2999 809 3071 convalescunt?
858 2999 907 3072 Et
941 3001 1098 3077 nimirum

226 3136 382 3204 constat,
411 3115 491 3213 quia
515 3114 613 3188 cuius
637 3114 782 3212 implere
808 3115 901 3189 dicta
928 3138 1097 3204 renuunt,

113 3321 117 3328 Ι
226 3233 259 3304 ei
279 3238 405 3332 procul
430 3233 541 3306 dubio
564 3233 706 3306 credere
728 3253 899 3305 recusane
914 3237 937 3274 “

298 3467 391 3539 Cum
414 3465 577 3538 Christus
600 3463 738 3539 initium
760 3467 939 3562 fignorum
959 3471 1093 3544 fecisset

219 3576 254 3657 ih
277 3585 377 3658 Cana
397 3582 541 3655 Galileae
559 3583 612 3655 Jo.
632 3584 735 3670 1Lac
753 3589 861 3682 paulo
882 3609 986 3683 post,
1014 3590 1089 3661 dum

216 3731 332 3800 prope
362 3721 451 3775 esset
479 3702 610 3799 pascha
636 3700 865 3789 Judaeo'rum‚
901 3707 1089 3779 ascendens

161 3841 163 3844 ⁴
214 3821 498 3915 Hierosolymam
517 3821 594 3919 zelo
618 3818 746 3890 domus
768 3817 880 3894 Patris
902 3823 956 3895 sui
975 3847 1088 3896 accen*

245 3963 276 4032 a)
294 3967 352 4022 lira.
372 3966 415 4021 ΙΙ.
436 3965 514 4021 Hom.
536 3966 594 4020 XL.
615 3984 640 4021 n.
661 3980 686 4033 9.
704 3980 731 4035 p.
754 3971 830 4032 1658.
