2438 4566
585 308 816 326 mut-

265 284 338 367 388

121 439 235 501 crini
263 433 313 500 las
340 446 455 501 autem
483 431 660 525 appellat,
699 445 739 500 ut
768 430 959 520 ostendat,
999 437 1047 510 ad
1076 444 1135 516 alta

154 563 200 618 et.
262 575 344 619 eum
366 569 532 643 oportere
555 547 789 632 contendere,
816 548 880 643 qui·
904 552 951 621 ad
975 551 1047 628 hoc
1069 585 1134 632 cor

101 682 326 761 vvvpus
352 665 506 748 accedit,
541 685 578 733 et
600 662 685 733 nihil
713 686 794 735 cum
823 686 915 738 terra
950 670 984 742 ei
1014 669 1135 750 debere

258 805 336 852 esse
364 804 576 864 commune,
611 803 729 873 neque
760 780 805 850 ad
830 781 1002 860 inferiora
1030 794 1150 880 trahi,

261 917 304 970 ac
326 922 463 992 repere,
487 896 547 968 led
570 895 615 966 ad
635 896 816 1024 superiora
835 899 977 997 semper
997 902 1129 996 volnrc‘,

261 1038 297 1088 et
315 1015 352 1084 in
370 1012 510 1084 solem
500 1012 639 1084 rustitiae
659 1012 807 1099 intueri,
830 1018 1036 1115 mentisque
1058 1051 1130 1098 ocu·

160 1152 166 1158 ’
258 1133 332 1203 lum
357 1130 559 1200 altissimum
586 1128 727 1200 habere.
776 1129 993 1226 Aquilarum
1021 1142 1127 1230 enim,

258 1273 333 1318 non
354 1226 581 1340 graculorum
607 1246 692 1316 hacc
708 1264 760 1317 est
783 1272 914 1322 mensa.
979 1255 1029 1327 Et
1053 1278 1126 1331 tunc

256 1383 446 1434 occurrent
475 1389 495 1433 e
528 1361 624 1433 coelis
653 1362 904 1452 descendenti,
947 1372 1010 1465 qui
1042 1396 1125 1446 nunc

254 1479 366 1574 digne
388 1482 572 1565 fruuntur,
607 1422 909 1573 quemadmoduni
934 1489 996 1580 qui
1025 1491 1125 1586 indig-

255 1618 323 1684 ue,
360 1619 517 1669 extrema
537 1596 730 1691 patientur.
744 1599 767 1634 “
832 1598 880 1670 Et
911 1600 945 1676 S‘.
976 1605 1124 1679 Isidorus
1158 1611 1160 1617 ’

255 1715 438 1788 Pelusiota
467 1714 726 1810 Clirysostorui.
747 1713 960 1811 discipulus:
1000 1724 1123 1818 „Quo

256 1834 369 1920 niam,
405 1831 519 1927 inquit
543 1827 603 1919 n),
640 1831 751 1902 beatae
775 1831 856 1904 vitae
880 1835 1001 1909 sedem
1028 1841 1122 1913 nobit

254 1977 371 2022 rerum
399 1949 556 2022 omnium
583 1947 789 2019 architectus
812 1973 854 2022 ac
882 1951 1052 2029 dominus
1072 1959 1120 2029 ha·

251 2068 462 2140 bitationem
490 2067 527 2136 iu
554 2065 656 2136 Eden
682 2062 905 2160 praebucrat',
935 2071 986 2142 ob
1013 2074 1120 2146 levita·
1158 2084 1160 2130 i

251 2205 323 2257 tem
349 2205 466 2255 autem
487 2181 615 2266 animi,
643 2201 749 2276 atque
771 2181 977 2278 impostoris
1002 2189 1120 2286 impro·
1158 2280 1160 2291 Ι

249 2303 395 2374 bitatern
426 2322 465 2370 en
496 2297 673 2369 exturbati
706 2317 742 2368 et
771 2301 921 2389 deiecti,
959 2325 1063 2401 atque
1087 2307 1117 2377 in
1158 2302 1160 2337 ²

249 2442 484 2492 terumuossm
505 2434 651 2500 terram,
679 2435 714 2487 et
731 2441 873 2511 gravem
892 2422 1117 2519 acerbamque

250 2534 572 2636 peregrinationem
612 2532 759 2627 proiecti
797 2535 946 2608 sumus:
991 2540 1117 2613 idcirco
1148 2552 1152 2563 '

248 2654 413 2726 Christus
436 2677 497 2721 eos
518 2675 563 2720 ex
585 2649 712 2735 nobis,
736 2651 801 2746 qui
824 2679 961 2747 pennas
988 2684 1116 2729 rursum

247 2770 446 2852 induerint,
472 2786 578 2860 atque
599 2785 735 2837 terrena
754 2788 789 2838 et
810 2769 947 2842 abiecta
966 2759 1033 2846 liac
1051 2774 1116 2847 vita

246 2886 367 2958 relicta
397 2885 442 2955 ad
473 2882 621 2954 coelestis
650 2882 733 2956 vitae
763 2885 939 2980 fastigium
972 2892 1114 2963 access'c·

244 3003 337 3090 rint,
373 3000 419 3072 ad
447 2999 544 3070 illum
573 3001 694 3071 locum
724 3005 957 3076 collecturum
989 3034 1025 3080 se
1056 3029 1113 3104 pro

242 3123 303 3194 lua
324 3118 483 3191 bonitate
504 3116 682 3213 pollicitus
703 3137 766 3189 est.
805 3120 929 3215 Atque
949 3121 1045 3195 illud·
1058 3143 1113 3206 est,
1135 3126 1140 3133 ’

242 3239 344 3334 quod
367 3235 576 3331 qtucsivisti,
598 3234 659 3304 ubi
683 3254 736 3305 est
755 3235 925 3324 cadaver,
948 3239 1020 3314 illic
1039 3266 1111 3313 cun·

240 3339 485 3452 gregibuntur
506 3372 542 3424 et
559 3351 704 3445 aquilae3
732 3344 802 3423 lioc
821 3371 893 3439 est,
915 3355 979 3427 ubi
1000 3357 1048 3429 ob
1067 3355 1109 3426 iu·
1135 3350 1137 3357 ’

240 3486 493 3568 temperantem
531 3487 673 3561 gustum
708 3470 824 3540 clades
861 3471 1004 3559 extitit,
1046 3471 1136 3570 illicj

238 3587 389 3664 victoria
412 3609 474 3682 per
493 3583 645 3654 inediam
663 3602 701 3656 et-
716 3586 994 3677 continentiam,
1010 3586 1105 3686 quant

238 3729 364 3780 nutura
392 3701 565 3799 protulit,
601 3721 636 3772 et
669 3703 848 3790 excoluit,
888 3727 989 3799 parta
1019 3691 1133 3779 est.“¹

237 3822 271 3894 S·
299 3819 521 3915 Augustinus
550 3819 640 3890 inter
671 3819 753 3891 alias
781 3822 923 3892 selectas
950 3821 989 3895 in
1014 3813 1101 3898 Mat-

268 3962 302 4039 ι)
319 3965 377 4030 ert.
396 3965 423 4022 Ι.
443 3965 527 4034 Epist.
547 3974 608 4025 εει.
624 3974 651 4034 p.
671 3969 715 4031 76.
