2566 4680
361 344 433 418 288
686 339 919 374 ““““““
951 335 953 339 ’

219 486 333 552 ΟΑΡΜ
362 488 604 576 docebantur,
627 489 798 562 Israelitas
822 514 951 588 nempe
971 490 1056 592 alias
1076 491 1225 568 didicisse

197 607 511 694 LXXXfflUeum,
550 633 624 679 esse
654 621 834 678 aeternum.
902 609 1094 695 „Divinus
1121 612 1224 697 enim,

198 721 340 779 *W
361 721 555 820 inquito),
581 724 753 820 Moyses,
777 751 797 794 a
820 723 906 797 Deo
929 728 1090 800 omnium
1112 729 1222 799 missus

267 887 271 900 ·
359 843 397 915 in
416 843 604 937 AEgyptum
623 839 736 911 iussus
756 863 808 915 cst
826 841 944 914 dicere
965 833 1153 916 tribulibus
1167 843 1223 915 suis

206 1013 231 1053 q
360 981 435 1052 QUI
467 980 555 1044 EST,
579 954 668 1027 misit
694 983 741 1027 me
771 968 816 1028 ad
839 987 907 1031 uos.
976 960 1078 1032 Istud
1103 979 1225 1047 autem,

358 1098 433 1170 9111
452 1097 542 1161 EST,
567 1072 792 1146 aeternitatem
811 1071 992 1169 fignificat.
1043 1077 1126 1150 Hoc
1141 1077 1223 1148 idem

360 1213 412 1266 est
441 1191 541 1287 quod
571 1191 616 1262 de
648 1211 685 1260 se
719 1189 811 1261 dixit
842 1188 1028 1264 Christus:
1063 1206 1224 1285 Antequam

357 1319 517 1382 Abrohom
538 1315 659 1402 fieret,
688 1315 753 1391 Ego
772 1314 857 1393 sum.
873 1312 895 1346 ‘⁶
980 1361 1003 1396 „
1021 1307 1098 1382 Cur
1125 1336 1223 1395 vero,

356 1425 482 1522 quaerit
503 1417 536 1494 S.
560 1423 613 1496 Jo.
641 1421 922 1520 Chrysostomus
943 1421 1002 1514 b),
1031 1451 1106 1496 non
1128 1426 1222 1496 dixit:

355 1542 566 1637 Priusquam
589 1539 772 1612 Abraham
797 1541 915 1626 fieret,
943 1569 1011 1638 ego
1035 1568 1148 1630 eram,
1172 1540 1224 1612 sed

356 1688 411 1746 ego
431 1667 535 1746 sum?
574 1656 670 1728 Sicut
702 1655 815 1752 ipsius
846 1643 949 1730 Pater
980 1660 1039 1732 itta
1070 1685 1152 1733 usus
1180 1677 1223 1730 est
1273 1715 1274 1732 i

355 1801 471 1861 voce,
487 1782 587 1864 sum,
615 1774 662 1843 fic
690 1793 725 1844 et
747 1774 816 1844 itte.
880 1773 968 1847 Haec
996 1776 1129 1874 quippe
1158 1800 1223 1848 vox

355 1892 526 1988 fignificat
541 1890 666 1987 ¹ipsum
687 1909 865 1986 perpetuo
891 1919 983 1980 esse,
1012 1893 1057 1965 ab
1081 1893 1176 1984 omni
1194 1890 1224 1962 ti·

353 2009 480 2082 berum
506 2029 677 2104 tempore.
727 2000 890 2103 'ideoque
918 2010 1001 2106 ipsis
1031 2010 1223 2108 blasphema

353 2151 429 2200 vox
448 2153 524 2198 esse
545 2125 741 2199 videbatur.
796 2125 871 2218 Qui
894 2151 984 2198 vero
1007 2124 1222 2224 comparatio·

353 2269 436 2313 nem
465 2243 558 2314 illam
586 2266 666 2313 cum
698 2240 908 2314 Abrahamo
944 2269 1019 2316 non
1050 2245 1222 2327 ferebant,

353 2359 439 2432 iicet
461 2358 519 2430 illa
542 2378 637 2432 tanta
662 2386 737 2430 non
767 2380 880 2446 esset;
911 2359 943 2430 si
967 2360 1060 2456 faepe
1085 2387 1123 2432 se
1140 2343 1223 2431 Patri

350 2496 589 2571 coaequasset,
626 2503 672 2548 an
698 2504 771 2548 non
795 2477 895 2548 illum
920 2496 1097 2574 perpetuo
1127 2479 1223 2572 impe·

351 2590 546 2664 tiissent‘?“
596 2593 645 2666 Et
671 2590 957 2690 Theophilactus
981 2590 1223 2691 Chrysostomi

351 2711 617 2806 paraphrastes:
645 2710 777 2798 „Istud
797 2711 910 2799 enim,
930 2710 1061 2806 inquit,
1081 2711 1223 2784 verbum

338 2833 438 2916 firm,
466 2825 552 2895 Deo
582 2826 727 2922 proprie
757 2827 949 2915 convenit,
979 2829 1124 2924 eoquod
1154 2852 1222 2924 pcr-
1273 2853 1274 2928 j

347 2959 476 3035 petuus
499 2941 539 3010 fit
562 2959 596 3009 et
618 2941 869 3038 sempiternus,
889 2943 929 3014 id
949 2944 1049 3039 quod
1070 2945 1141 3016 hoc
1156 2967 1223 3017 ver·
1273 2977 1274 2992 κ

347 3056 435 3128 bum
464 3055 644 3151 fignificat.
696 3057 820 3154 Itaque
851 3057 938 3132 ficut
964 3080 999 3132 et
1024 3060 1128 3132 Pater
1155 3059 1221 3132 eius

346 3171 384 3246 in
407 3174 519 3246 v'eteri
543 3178 622 3271 lege
652 3177 723 3248 hoc
747 3177 861 3249 verbo
883 3176 992 3250 utitur
1012 3177 1101 3251 EGO
1130 3197 1217 3260 sunt,

349 3311 423 3383 Qu}
454 3313 556 3378 sUM,
594 3292 639 3362 de
659 3284 843 3364 Abraham
867 3315 954 3365 vero
983 3293 1093 3381 dixit,
1115 3301 1217 3380 fieret,

348 3404 473 3478 merito
509 3425 676 3502 tanquam
711 3409 941 3504 corruptibili.
1011 3409 1128 3498 Nam,
1153 3406 1217 3502 ‘qui

347 3524 458 3596 factus
480 3543 548 3609 est,
569 3544 605 3596 et
628 3527 824 3622 corrumpit
826 3552 875 3598 ur.
928 3525 1090 3599 Verbum
1109 3545 1214 3598 autem

336 3649 431 3730 sum,
458 3639 614 3712 divinam
640 3661 675 3714 et
700 3643 745 3713 ab
771 3642 870 3714 omni
896 3643 1125 3741 corruptione
1144 3639 1213 3712 alie·

349 3780 431 3828 nam
458 3721 770 3854 sempiternitatem
790 3759 981 3854 fignificat.
1008 3775 1212 3858 quapropter
1273 3763 1274 3852 t

138 3907 140 3914 ·
185 3967 205 3982 .
246 3867 250 3870 ’
351 3892 386 3945 et
426 3873 538 3945 Judaei
582 3874 823 3948 existimantes
864 3878 935 3948 hoc
979 3877 1212 3973 blasphemum

391 4005 575 4096 nutat.
619 4020 1213 4101 quamaxumum.nuruum
