2452 4560
295 293 387 388 [238
414 276 442 337 Ι
636 277 872 361 ξ..-

169 432 285 499 ὓΑΡΰτ
314 433 430 508 Multi
456 451 605 532 putant,
632 434 732 530 quod
759 460 833 506 non
860 433 988 509 Petrus
1012 454 1183 537 correptus

168 555 285 612 LXXII·
316 553 375 640 srt,
400 553 459 625 sed
483 550 701 624 adversarius
721 550 881 647 spiritus,
903 553 965 650 qui
983 555 1064 627 haec
1083 557 1183 629 dicere

159 673 481 767 “wapostolo
507 668 725 764 suggerebat
793 667 863 739 Sed
893 669 982 740 mihi
1010 670 1073 743 hic
1102 697 1182 745 error

314 786 552 885 apostolicus,
579 803 615 857 et
640 785 685 856 de
708 784 848 881 pietatis
873 785 1002 859 affectu
1027 789 1180 878 veniens,

312 929 496 999 nunquam
513 900 728 975 incentivum
748 901 882 974 diaboli
897 902 1094 978 videbitur.
1134 913 1181 978 Vn

314 1034 353 1096 dc
376 1042 459 1092 retro
483 1047 531 1091 me
543 1026 676 1108 satana.
727 1015 892 1090 Diabolo
920 1019 1075 1093 dicitnr:
1112 1014 1180 1095 Vndr

312 1159 405 1211 retro.
456 1134 579 1207 Petrus
603 1131 702 1207 audit
723 1145 805 1206 vade
825 1157 908 1206 retro
928 1165 999 1224 me,
1027 1139 1099 1212 hoc
1118 1158 1178 1226 est,

313 1254 459 1349 sequere
493 1250 701 1323 sententiam
734 1276 871 1323 meam:
911 1261 995 1345 Quia
1029 1283 1089 1326 non
1102 1264 1178 1346 sapis

312 1398 372 1456 ea,
399 1395 463 1462 quae
489 1375 549 1438 Dei
563 1374 666 1455 sunt,
681 1376 743 1455 sed
769 1394 832 1460 qua
858 1378 1028 1442 hominum.
1092 1372 1177 1444 Meae

312 1483 506 1561 voluntatis
529 1503 602 1570 est,
631 1503 667 1556 et
688 1483 823 1571 Patris,
850 1483 949 1557 cuius
973 1488 1060 1558 veni
1081 1488 1178 1562 facere
1216 1478 1218 1495 '

312 1607 556 1687 voluntatem,
592 1620 632 1673 ut
664 1626 731 1696 pro
765 1600 950 1673 hominurn
979 1602 1091 1676 salute
1118 1631 1178 1678 rno-

309 1722 403 1794 riar:
430 1740 469 1793 tu
495 1738 591 1791 tuam
616 1735 753 1790 tantum
778 1717 1008 1791 considerans
1033 1724 1179 1793 voluntn

244 1852 252 1871 ·
310 1853 407 1923 tem,
433 1861 509 1907 non
531 1833 585 1907 vis
602 1859 752 1930 granum
769 1835 871 1907 tritici
891 1834 928 1906 in
947 1855 1076 1909 terram
1094 1836 1180 1911 cade·

309 1940 371 2039 re,
407 1971 449 2026 ut
473 1954 602 2025 multos
628 1951 763 2024 fructus
793 1953 958 2025 afferat.“
1009 1952 1041 2026 S.
1066 1954 1180 2027 Joann.

311 2069 593 2168 chrysostomus
611 2068 765 2164 pressius
780 2067 887 2143 literae
901 2069 1073 2159 inhaeret,
1092 2066 1181 2144 Chri·

308 2207 425 2274 stum,
452 2206 493 2260 ut
510 2187 715 2260 ostenderet
731 2213 768 2259 se
790 2212 863 2258 non
885 2185 1038 2259 invitum
1057 2187 1104 2260 ad
1118 2213 1182 2286 pas

306 2303 445 2377 sionem
480 2301 629 2391 venire,
673 2301 853 2402 increpare
890 2303 1066 2394 Petrum,
1110 2305 1182 2378 sata·

308 2447 466 2518 namque
487 2445 657 2501 vocasse:
700 2421 821 2507 „Non
845 2419 958 2507 dixit,
984 2419 1106 2494 sub'dir
1126 2417 1181 2511 a),

309 2540 446 2612 satanas
467 2558 590 2636 pente
612 2541 752 2612 locutus
773 2556 850 2624 est3
877 2538 937 2610 fed
953 2548 1039 2611 vade
1056 2558 1183 2631 postne

295 2664 431 2746 satana.
473 2655 567 2727 Nam
584 2654 753 2751 cupiebat
772 2653 996 2728 adversarius
1006 2674 1056 2728 ’ut
1073 2653 1181 2728 Chris·

289 2779 364 2847 'tus
390 2797 463 2844 non
485 2773 690 2867 pateretur:
717 2770 803 2843 ideo
824 2773 870 2844 fic
893 2773 1124 2847 vehementer
1138 2768 1179 2843 in·

307 2885 488 2982 crepavit,
515 2887 617 2982 quod
644 2885 746 2987 sciret
772 2906 807 2960 et
827 2888 926 2962 illum
949 2909 986 2963 et
1011 2890 1100 2965 alios
1119 2889 1178 2961 hoc

304 3001 602 3098 ipsum-timere,
638 3029 755 3100 neque
788 3005 889 3078 facile
918 3005 1009 3079 illud
1033 3004 1175 3080 admitte·
1208 3059 1216 3097 ¹.

305 3122 389 3192 re.“
437 3119 624 3208 Esthoc,
651 3123 889 3218 quodmodo
917 3122 1119 3197 notavimus
1136 3119 1169 3192 dt

304 3255 480 3311 tentatore
507 3239 626 3325 sarona
649 3238 731 3311 alias
751 3264 841 3313 vero
861 3238 931 3311 iam
951 3241 1059 3336 supra
1082 3264 1124 3313 ex
1144 3233 1168 3307 S.

292 3351 446 3450 ,Ignatio
467 3353 528 3426 Μ.
556 3374 592 3427 et
617 3355 649 3427 S.
672 3353 869 3429 Ambrosio
892 3356 1167 3436 observavimus,

302 3491 445 3569 parturn
475 3469 674 3565 virgineum
704 3472 851 3546 diabolo
877 3477 1028 3547 celatum
1053 3473 1164 3547 fuisse:

304 3614 380 3685 quo
405 3587 570 3660 nimirum
596 3589 671 3662 eius
695 3615 761 3685 per
784 3590 980 3663 secundum
1002 3590 1162 3662 Adamum

289 3703 488 3782 Christum
515 3703 606 3800 (qui
630 3731 693 3802 per
717 3707 814 3780 hunc
838 3726 978 3804 partum
1000 3721 1163 3802 exemptus

305 3842 380 3893 erat
408 3847 429 3892 a
458 3821 624 3894 damnata
650 3845 768 3913 ‚massa
792 3820 1081 3921 Adami·primih)
1108 3830 1163 3892 erat

26 4033 30 4040 ,
75 3984 245 4286 N
345 3969 378 4050 a)
399 3969 476 4029 Hom.
497 3969 574 4028 m.
595 3974 626 4028 ἐκ
644 3972 745 4034 Marrh.
766 3993 793 4038 n.
818 3984 880 4044 aar
893 3990 920 4044 4,
947 3974 980 4031 T.
996 3973 1066 4033 711.
1082 3980 1162 4048 3550·
