2438 4566
895 304 998 391 365-

77 444 274 521 idolorum
313 441 375 517 len
412 443 679 519 fimulacrorum
719 430 892 524 servitus?
932 453 970 524 in
1001 450 1116 516 enm

82 588 192 655 more
223 562 295 633 hoc
327 560 430 633 etiam
462 563 559 660 apud
586 565 729 638 Judaeos
759 569 903 664 posito,
932 590 974 643 ut
995 575 1123 631 xcvnt.

83 679 176 757 'stitia
198 677 408 751 idololatriae
426 691 689 785 comparenrun
730 681 837 758 Unde
857 692 974 783 palam
995 693 1140 752 *ΛΝ

86 798 196 873 etiam
227 796 286 882 fit,
323 812 388 869 cur'
415 795 560 892 iniquus
585 810 787 874 mammona
815 802 974 892 dicatur,

85 937 153 991 aut
184 930 391 989 mammona
426 912 646 1009 iniquitatis,
683 915 771 989 vitio
806 902 975 994 nimirum

86 1032 246 1107 avaritiae
264 1018 289 1119 ,s
313 1049 438 1104 contra
455 1090 456 1094 ,
473 1032 573 1127 quod
604 1032 768 1107 muniens
799 1041 876 1111 vult
905 1063 975 1111 nos
1017 1104 1021 1115 .

86 1150 199 1227 nobis
224 1151 340 1223 tacere
361 1146 518 1220 amicos:
553 1149 628 1235 „ld
656 1171 726 1239 est,
755 1171 794 1225 ut
818 1153 850 1225 S.
878 1153 997 1232 Gau.
1097 1164 1103 1181 ¹

87 1267 236 1341 densius
262 1264 456 1338 Brixiensis
479 1263 637 1360 loquitur
663 1265 726 1356 a),
754 1256 885 1343 amicos
912 1298 976 1345 vo·

86 1384 146 1459 bis
165 1383 274 1457 facite
295 1397 473 1479 pauperes
495 1382 542 1454 de·
562 1384 707 1455 terrenis
729 1386 976 1485 facultatibus,

87 1526 181 1601 quas
206 1500 373 1596 iniquitas
398 1501 561 1572 humanae
588 1500 739 1573 avaritiae
763 1502 827 1573 fibi
852 1506 976 1576 vendi·

88 1638 166 1706 eat,
193 1633 244 1708 ne'·
258 1606 464 1702 hominibus
487 1616 562 1692 Dei
584 1644 630 1691 ex
651 1617 726 1692 eius
746 1620 852 1693 rebus
876 1619 978 1716 quid·

88 1753 202 1837 quam
223 1733 413 1834 impertiat
422 1737 447 1773 ‘⁶
969 1723 972 1726 ⁴

164 1970 316 2044 Fecerat
350 1953 415 2042 sibi
445 1967 585 2043 villicus
619 1957 752 2043 amicos
787 1997 835 2045 ex
867 1971 978 2050 bonis

90 2087 235 2163 domini
255 2087 326 2174 lui3
354 2087 438 2161 ideo
460 2086 598 2161 villicus
623 2087 817 2183 iniquitatis
841 2113 978 2161 nuncu·
1079 2126 1083 2139 ·

70 2226 221 2305 patur,
259 2205 361 2301 quod
394 2190 448 2276 res
482 2205 612 2277 alienas
645 2201 710 2276 fibi
744 2225 977 2303 usurpasset;

92 2322 259 2395 laudatur
282 2321 530 2410 nihilominus,
553 2328 639 2414 quod
650 2319 818 2411 prudenter
830 2333 979 2411 fecisset.-

94 2451 173 2533 quia
190 2447 256 2527 filii
275 2450 369 2510 httius'
381 2447 488 2528 saculi
507 2448 723 2536 prudentiores
743 2446 824 2522 filiis'
843 2449 920 2510 lucis
945 2452 980 2510 iu

91 2568 288 2645 generatione
300 2564 369 2644 sun
378 2564 483 2643 sunt:
517 2557 571 2637 Εἰς
582 2545 638 2639 tait
654 2538 767 2647 yonis
782 2542 837 2640 salv
854 2551 980 2626 ἑαυτῶν

94 2674 253 2749 illiorum
288 2660 452 2744 nimirum
486 2671 591 2744 huius
621 2660 763 2757 saeculi,
799 2697 875 2743 non
911 2670 982 2743 nisi

96 2789 319 2880 commodis,
338 2810 374 2864 et
395 2789 603 2863 utilitatibus
625 2786 808 2886 praesentis
829 2788 912 2860 vitae
928 2788 983 2858 in·

95 2894 302 2983 tentorum.'
352 2896 457 3001 Quos
483 2906 521 2979 in
551 2909 618 2980 hac
644 2898 806 2992 solertia,
840 2903 877 2978 in
908 2932 981 3001 qua

96 3027 277 3127 parabolae
297 3024 352 3099 vis
376 3025 554 3110 consistit,
580 3051 656 3095 non
677 3025 713 3094 in
735 3023 817 3094 lacti
840 3050 983 3119 perver-

96 3145 220 3233 sitate,
244 3143 282 3215 in
306 3145 510 3239 exemplum
534 3139 697 3225 adducit;
725 3158 761 3210 et
780 3139 826 3209 ad
846 3139 983 3219 imitan-

98 3261 186 3337 dum
211 3260 386 3358 proponit
411 3258 574 3330 Christus
600 3256 679 3330 filiis
699 3254 809 3342 lucis,
837 3256 898 3351 qui
925 3244 988 3332 cu?

96 3404 173 3453 ram
204 3379 301 3450 suam
330 3403 372 3451 ac
401 3374 676 3449 sollicitudinem
704 3401 779 3447 uon
809 3374 892 3449 huic
919 3376 984 3448 sed

96 3496 219 3571 futuro
239 3497 367 3569 saeculo
388 3494 614 3592 impendunt·
648 3491 785 3565 Locum
802 3492 860 3565 hic
879 3491 983 3565 etiam

98 3612 238 3687 habero
255 3633 395 3711 potest,
430 3613 529 3709 quod
554 3612 586 3684 S.
611 3610 830 3720 Augustinus
856 3628 984 3681 contra

100 3728 279 3805 lulianum
301 3730 420 3827 Pelag.
443 3730 529 3803 dicit
549 3726 605 3822 b):
634 3729 755 3816 „Non
777 3723 902 3798 officiis
922 3725 985 3798 sed

100 3848 233 3926 finibus
261 3874 282 3920 a
307 3847 401 3921 vitiis
426 3849 658 3922 secernendos
688 3870 764 3916 esse
788 3842 946 3919 virtutes.
959 3845 994 3933 “M

134 3989 169 4068 α)
188 3995 271 4053 Serm.
292 3995 411 4056 XVIII.
477 3992 510 4064 a)
528 3996 586 4056 aar.
606 3993 667 4057 ιιι.
687 4011 714 4050 n.
733 4005 777 4052 21.
