<?xml version="1.0" encoding="UTF-8"?>
<!DOCTYPE html PUBLIC "-//W3C//DTD XHTML 1.0 Transitional//EN"
    "http://www.w3.org/TR/xhtml1/DTD/xhtml1-transitional.dtd">
<html xmlns="http://www.w3.org/1999/xhtml" xml:lang="en" lang="en">
 <head>
  <title>
</title>
<meta http-equiv="Content-Type" content="text/html;charset=utf-8" />
  <meta name='ocr-system' content='tesseract 3.04.00' />
  <meta name='ocr-capabilities' content='ocr_page ocr_carea ocr_par ocr_line ocrx_word'/>
</head>
<body>
  <div class='ocr_page' id='page_1' title='image "./desublimiinevan02gerbgoog_0250.png"; bbox 0 0 2566 4680; ppageno 0'>
   <div class='ocr_carea' id='block_1_1' title="bbox 232 161 1266 3634">
    <p class='ocr_par' dir='ltr' id='par_1_1' title="bbox 232 161 1266 3634">
     <span class='ocr_line' id='line_1_1' title="bbox 937 161 943 194; baseline 0 0"><span class='ocrx_word' id='word_1_1' title='bbox 937 161 943 194; x_wconf 76' lang='lat' dir='ltr'>i</span> 
     </span>
     <span class='ocr_line' id='line_1_2' title="bbox 384 351 1013 450; baseline -0.005 -41"><span class='ocrx_word' id='word_1_2' title='bbox 384 373 457 450; x_wconf 54' lang='lat'>544</span> <span class='ocrx_word' id='word_1_3' title='bbox 704 351 938 408; x_wconf 58' lang='grc' dir='ltr'>Ξ</span> <span class='ocrx_word' id='word_1_4' title='bbox 1009 411 1013 419; x_wconf 63' lang='grc'><strong>,</strong></span> 
     </span>
     <span class='ocr_line' id='line_1_3' title="bbox 244 504 1258 605; baseline -0.003 -20"><span class='ocrx_word' id='word_1_5' title='bbox 244 509 358 572; x_wconf 67' lang='grc' dir='ltr'>(νἈΡΰΤ</span> <span class='ocrx_word' id='word_1_6' title='bbox 383 513 518 585; x_wconf 82' lang='lat' dir='ltr'>ritatem</span> <span class='ocrx_word' id='word_1_7' title='bbox 549 506 731 581; x_wconf 84' lang='lat' dir='ltr'>Dominus</span> <span class='ocrx_word' id='word_1_8' title='bbox 762 504 885 579; x_wconf 83' lang='lat' dir='ltr'>acriter</span> <span class='ocrx_word' id='word_1_9' title='bbox 914 509 1000 578; x_wconf 79' lang='lat' dir='ltr'>cum&#39;</span> <span class='ocrx_word' id='word_1_10' title='bbox 1023 509 1258 605; x_wconf 78' lang='lat' dir='ltr'>reprehendis</span> 
     </span>
     <span class='ocr_line' id='line_1_4' title="bbox 232 623 1259 720; baseline -0.004 -17"><span class='ocrx_word' id='word_1_11' title='bbox 232 629 364 685; x_wconf 67' lang='grc' dir='ltr'><strong>ῑΧΧΗῙ·</strong></span> <span class='ocrx_word' id='word_1_12' title='bbox 383 651 461 716; x_wconf 89' lang='lat' dir='ltr'>set,</span> <span class='ocrx_word' id='word_1_13' title='bbox 498 629 543 700; x_wconf 85' lang='lat' dir='ltr'>ad</span> <span class='ocrx_word' id='word_1_14' title='bbox 578 654 614 698; x_wconf 87' lang='lat' dir='ltr'>se</span> <span class='ocrx_word' id='word_1_15' title='bbox 646 624 867 720; x_wconf 84' lang='lat' dir='ltr'>sequentium</span> <span class='ocrx_word' id='word_1_16' title='bbox 891 623 1154 698; x_wconf 84' lang='lat' dir='ltr'>multitudinem</span> <span class='ocrx_word' id='word_1_17' title='bbox 1184 653 1259 699; x_wconf 88' lang='lat' dir='ltr'>con·</span> 
     </span>
     <span class='ocr_line' id='line_1_5' title="bbox 234 739 1260 834; baseline -0.003 -16"><span class='ocrx_word' id='word_1_18' title='bbox 234 751 503 818; x_wconf 55' lang='lat' dir='ltr'>Verrsus</span> <span class='ocrx_word' id='word_1_19' title='bbox 527 745 622 816; x_wconf 87' lang='lat' dir='ltr'>hunc</span> <span class='ocrx_word' id='word_1_20' title='bbox 644 744 842 814; x_wconf 84' lang='lat' dir='ltr'>sermonem</span> <span class='ocrx_word' id='word_1_21' title='bbox 867 739 1012 814; x_wconf 86' lang='lat' dir='ltr'>habuit:</span> <span class='ocrx_word' id='word_1_22' title='bbox 1050 753 1084 812; x_wconf 73' lang='grc' dir='ltr'><em>ὁῖ</em></span> <span class='ocrx_word' id='word_1_23' title='bbox 1107 755 1177 834; x_wconf 81' lang='lat' dir='ltr'>quis</span> <span class='ocrx_word' id='word_1_24' title='bbox 1198 755 1260 814; x_wconf 82' lang='lat' dir='ltr'>vult</span> 
     </span>
     <span class='ocr_line' id='line_1_6' title="bbox 380 858 1259 951; baseline -0.002 -17"><span class='ocrx_word' id='word_1_25' title='bbox 380 875 485 934; x_wconf 83' lang='lat' dir='ltr'>uenire</span> <span class='ocrx_word' id='word_1_26' title='bbox 492 883 566 951; x_wconf 81' lang='lat' dir='ltr'>post</span> <span class='ocrx_word' id='word_1_27' title='bbox 580 887 644 944; x_wconf 84' lang='lat' dir='ltr'>me,</span> <span class='ocrx_word' id='word_1_28' title='bbox 667 868 791 942; x_wconf 67' lang='lat' dir='ltr'>abntqet</span> <span class='ocrx_word' id='word_1_29' title='bbox 803 866 1005 948; x_wconf 74' lang='lat' dir='ltr'>semetipsum</span> <span class='ocrx_word' id='word_1_30' title='bbox 1021 897 1033 942; x_wconf 79' lang='lat'>,-</span> <span class='ocrx_word' id='word_1_31' title='bbox 1059 859 1106 930; x_wconf 86' lang='lat' dir='ltr'>ad</span> <span class='ocrx_word' id='word_1_32' title='bbox 1123 858 1259 932; x_wconf 82' lang='lat' dir='ltr'>Petrum</span> 
     </span>
     <span class='ocr_line' id='line_1_7' title="bbox 381 973 1258 1076; baseline -0.002 -27"><span class='ocrx_word' id='word_1_33' title='bbox 381 978 569 1076; x_wconf 72' lang='lat' dir='ltr'>praecipue,</span> <span class='ocrx_word' id='word_1_34' title='bbox 588 995 627 1047; x_wconf 90' lang='lat' dir='ltr'>ut</span> <span class='ocrx_word' id='word_1_35' title='bbox 650 974 790 1070; x_wconf 86' lang='lat' dir='ltr'>opinor,</span> <span class='ocrx_word' id='word_1_36' title='bbox 810 973 1007 1046; x_wconf 84' lang='lat' dir='ltr'>orationem</span> <span class='ocrx_word' id='word_1_37' title='bbox 1027 973 1183 1071; x_wconf 84' lang='lat' dir='ltr'>dirigens</span> <span class='ocrx_word' id='word_1_38' title='bbox 1193 975 1258 1064; x_wconf 81' lang='lat' dir='ltr'>a).“</span> 
     </span>
     <span class='ocr_line' id='line_1_8' title="bbox 385 1078 1256 1189; baseline -0.002 -23"><span class='ocrx_word' id='word_1_39' title='bbox 385 1095 497 1186; x_wconf 80' lang='lat' dir='ltr'>Quod</span> <span class='ocrx_word' id='word_1_40' title='bbox 527 1078 652 1189; x_wconf 83' lang='lat' dir='ltr'>postea</span> <span class='ocrx_word' id='word_1_41' title='bbox 679 1085 841 1186; x_wconf 89' lang='lat' dir='ltr'>pluribus</span> <span class='ocrx_word' id='word_1_42' title='bbox 873 1091 986 1162; x_wconf 83' lang='lat' dir='ltr'>exiis</span> <span class='ocrx_word' id='word_1_43' title='bbox 1014 1093 1170 1189; x_wconf 83' lang='lat' dir='ltr'>explicat</span> <span class='ocrx_word' id='word_1_44' title='bbox 1205 1091 1256 1182; x_wconf 83' lang='lat' dir='ltr'>b),</span> 
     </span>
     <span class='ocr_line' id='line_1_9' title="bbox 381 1205 1258 1307; baseline -0.003 -25"><span class='ocrx_word' id='word_1_45' title='bbox 381 1235 458 1307; x_wconf 82' lang='lat' dir='ltr'>anc</span> <span class='ocrx_word' id='word_1_46' title='bbox 488 1229 568 1288; x_wconf 83' lang='lat' dir='ltr'>ante</span> <span class='ocrx_word' id='word_1_47' title='bbox 596 1229 630 1280; x_wconf 92' lang='lat' dir='ltr'>et</span> <span class='ocrx_word' id='word_1_48' title='bbox 660 1227 741 1304; x_wconf 87' lang='lat' dir='ltr'>post</span> <span class='ocrx_word' id='word_1_49' title='bbox 764 1225 916 1278; x_wconf 82' lang='lat' dir='ltr'>mortem</span> <span class='ocrx_word' id='word_1_50' title='bbox 949 1205 1083 1282; x_wconf 87' lang='lat' dir='ltr'>Christi</span> <span class='ocrx_word' id='word_1_51' title='bbox 1109 1209 1258 1305; x_wconf 83' lang='lat' dir='ltr'>contige·</span> 
     </span>
     <span class='ocr_line' id='line_1_10' title="bbox 379 1321 1258 1421; baseline -0.003 -22"><span class='ocrx_word' id='word_1_52' title='bbox 379 1347 481 1412; x_wconf 87' lang='lat' dir='ltr'>rant,</span> <span class='ocrx_word' id='word_1_53' title='bbox 518 1325 664 1421; x_wconf 88' lang='lat' dir='ltr'>quando</span> <span class='ocrx_word' id='word_1_54' title='bbox 696 1350 777 1395; x_wconf 90' lang='lat' dir='ltr'>eum</span> <span class='ocrx_word' id='word_1_55' title='bbox 809 1321 972 1396; x_wconf 77' lang='lat' dir='ltr'>Christus</span> <span class='ocrx_word' id='word_1_56' title='bbox 1000 1323 1126 1399; x_wconf 81' lang='lat' dir='ltr'>iterum</span> <span class='ocrx_word' id='word_1_57' title='bbox 1150 1326 1196 1398; x_wconf 86' lang='lat' dir='ltr'>ad</span> <span class='ocrx_word' id='word_1_58' title='bbox 1224 1352 1258 1396; x_wconf 86' lang='lat' dir='ltr'>se</span> 
     </span>
     <span class='ocr_line' id='line_1_11' title="bbox 378 1435 1255 1540; baseline -0.005 -23"><span class='ocrx_word' id='word_1_59' title='bbox 378 1445 599 1540; x_wconf 79' lang='lat' dir='ltr'>sequendum</span> <span class='ocrx_word' id='word_1_60' title='bbox 618 1435 846 1537; x_wconf 86' lang='lat' dir='ltr'>provocavit,</span> <span class='ocrx_word' id='word_1_61' title='bbox 868 1440 1064 1536; x_wconf 83' lang='lat' dir='ltr'>fignificans</span> <span class='ocrx_word' id='word_1_62' title='bbox 1083 1469 1154 1540; x_wconf 89' lang='lat' dir='ltr'>qua</span> <span class='ocrx_word' id='word_1_63' title='bbox 1172 1469 1255 1514; x_wconf 91' lang='lat' dir='ltr'>mor·</span> 
     </span>
     <span class='ocr_line' id='line_1_12' title="bbox 377 1553 1255 1656; baseline -0.006 -22"><span class='ocrx_word' id='word_1_64' title='bbox 377 1580 412 1634; x_wconf 84' lang='lat' dir='ltr'>te</span> <span class='ocrx_word' id='word_1_65' title='bbox 433 1587 513 1633; x_wconf 89' lang='lat' dir='ltr'>eum</span> <span class='ocrx_word' id='word_1_66' title='bbox 535 1577 625 1631; x_wconf 87' lang='lat' dir='ltr'>esset</span> <span class='ocrx_word' id='word_1_67' title='bbox 644 1557 910 1630; x_wconf 82' lang='lat' dir='ltr'>clarificaturus:</span> <span class='ocrx_word' id='word_1_68' title='bbox 935 1553 1091 1656; x_wconf 86' lang='lat' dir='ltr'>dicitque</span> <span class='ocrx_word' id='word_1_69' title='bbox 1110 1562 1255 1645; x_wconf 87' lang='lat' dir='ltr'>demum,</span> 
     </span>
     <span class='ocr_line' id='line_1_13' title="bbox 376 1673 1254 1762; baseline -0.007 -10"><span class='ocrx_word' id='word_1_70' title='bbox 376 1704 417 1752; x_wconf 82' lang='lat' dir='ltr'>ea</span> <span class='ocrx_word' id='word_1_71' title='bbox 448 1700 559 1750; x_wconf 80' lang='lat' dir='ltr'>&#39;causa</span> <span class='ocrx_word' id='word_1_72' title='bbox 597 1679 750 1747; x_wconf 80' lang='lat' dir='ltr'>laetatum</span> <span class='ocrx_word' id='word_1_73' title='bbox 789 1699 865 1746; x_wconf 83' lang='lat' dir='ltr'>esse</span> <span class='ocrx_word' id='word_1_74' title='bbox 905 1673 1072 1762; x_wconf 87' lang='lat' dir='ltr'>Petrum,</span> <span class='ocrx_word' id='word_1_75' title='bbox 1120 1676 1254 1748; x_wconf 86' lang='lat' dir='ltr'>inverso</span> 
     </span>
     <span class='ocr_line' id='line_1_14' title="bbox 375 1788 1253 1891; baseline -0.006 -24"><span class='ocrx_word' id='word_1_76' title='bbox 375 1795 551 1891; x_wconf 82' lang='lat' dir='ltr'>capite-in</span> <span class='ocrx_word' id='word_1_77' title='bbox 580 1803 684 1864; x_wconf 84' lang='lat' dir='ltr'>cruce</span> <span class='ocrx_word' id='word_1_78' title='bbox 707 1788 887 1886; x_wconf 84' lang='lat' dir='ltr'>suspendi.</span> <span class='ocrx_word' id='word_1_79' title='bbox 938 1792 969 1862; x_wconf 86' lang='lat' dir='ltr'>S.</span> <span class='ocrx_word' id='word_1_80' title='bbox 995 1792 1147 1866; x_wconf 78' lang='lat' dir='ltr'>lrenoeus</span> <span class='ocrx_word' id='word_1_81' title='bbox 1174 1793 1253 1885; x_wconf 89' lang='lat' dir='ltr'>(lib.</span> 
     </span>
     <span class='ocr_line' id='line_1_15' title="bbox 374 1903 1253 2007; baseline -0.003 -25"><span class='ocrx_word' id='word_1_82' title='bbox 374 1911 420 1982; x_wconf 91' lang='lat' dir='ltr'>V.</span> <span class='ocrx_word' id='word_1_83' title='bbox 441 1930 565 1982; x_wconf 86' lang='lat' dir='ltr'>contra</span> <span class='ocrx_word' id='word_1_84' title='bbox 591 1909 708 1980; x_wconf 83' lang='lat' dir='ltr'>haeres.</span> <span class='ocrx_word' id='word_1_85' title='bbox 736 1932 764 1979; x_wconf 88' lang='lat' dir='ltr'>c.</span> <span class='ocrx_word' id='word_1_86' title='bbox 793 1903 880 1996; x_wconf 87' lang='lat'>28.)</span> <span class='ocrx_word' id='word_1_87' title='bbox 904 1923 940 1979; x_wconf 88' lang='lat' dir='ltr'>et</span> <span class='ocrx_word' id='word_1_88' title='bbox 960 1909 1040 2005; x_wconf 76' lang='lat' dir='ltr'>ipse</span> <span class='ocrx_word' id='word_1_89' title='bbox 1055 1929 1204 2007; x_wconf 80' lang='lat' dir='ltr'>martyr,</span> <span class='ocrx_word' id='word_1_90' title='bbox 1225 1909 1253 1979; x_wconf 88' lang='lat' dir='ltr'>S.</span> 
     </span>
     <span class='ocr_line' id='line_1_16' title="bbox 340 2025 1253 2123; baseline -0.005 -23"><span class='ocrx_word' id='word_1_91' title='bbox 340 2027 349 2048; x_wconf 84' lang='lat'>&#39;</span> <span class='ocrx_word' id='word_1_92' title='bbox 375 2026 504 2123; x_wconf 84' lang='lat' dir='ltr'>Ignatii</span> <span class='ocrx_word' id='word_1_93' title='bbox 519 2026 578 2097; x_wconf 80' lang='lat' dir='ltr'>M.</span> <span class='ocrx_word' id='word_1_94' title='bbox 595 2025 704 2095; x_wconf 86' lang='lat' dir='ltr'>verba</span> <span class='ocrx_word' id='word_1_95' title='bbox 724 2027 981 2120; x_wconf 84' lang='lat' dir='ltr'>etexemplum</span> <span class='ocrx_word' id='word_1_96' title='bbox 1001 2025 1138 2100; x_wconf 83' lang='lat' dir='ltr'>adrem</span> <span class='ocrx_word' id='word_1_97' title='bbox 1161 2027 1253 2098; x_wconf 84' lang='lat' dir='ltr'>affert</span> 
     </span>
     <span class='ocr_line' id='line_1_17' title="bbox 374 2139 1251 2240; baseline -0.006 -23"><span class='ocrx_word' id='word_1_98' title='bbox 374 2139 787 2228; x_wconf 78' lang='lat' dir='ltr'>frumentiinductione,</span> <span class='ocrx_word' id='word_1_99' title='bbox 811 2141 944 2236; x_wconf 81' lang='lat' dir='ltr'>„quod</span> <span class='ocrx_word' id='word_1_100' title='bbox 966 2162 1036 2229; x_wconf 89' lang='lat' dir='ltr'>est,</span> <span class='ocrx_word' id='word_1_101' title='bbox 1058 2144 1194 2240; x_wconf 79' lang='lat' dir='ltr'>inquit,</span> <span class='ocrx_word' id='word_1_102' title='bbox 1208 2142 1251 2228; x_wconf 94' lang='lat' dir='ltr'>hi,</span> 
     </span>
     <span class='ocr_line' id='line_1_18' title="bbox 371 2249 1264 2357; baseline -0.002 -25"><span class='ocrx_word' id='word_1_103' title='bbox 371 2261 432 2357; x_wconf 91' lang='lat' dir='ltr'>qui</span> <span class='ocrx_word' id='word_1_104' title='bbox 467 2260 521 2332; x_wconf 76' lang='lat' dir='ltr'>ad</span> <span class='ocrx_word' id='word_1_105' title='bbox 549 2256 670 2328; x_wconf 87' lang='lat' dir='ltr'>Deum</span> <span class='ocrx_word' id='word_1_106' title='bbox 704 2258 928 2331; x_wconf 81' lang='lat' dir='ltr'>fructificant.</span> <span class='ocrx_word' id='word_1_107' title='bbox 990 2260 1040 2332; x_wconf 87' lang='lat' dir='ltr'>Et</span> <span class='ocrx_word' id='word_1_108' title='bbox 1073 2249 1264 2357; x_wconf 72' lang='lat' dir='ltr'>propterea¹</span> 
     </span>
     <span class='ocr_line' id='line_1_19' title="bbox 320 2370 1247 2472; baseline -0.004 -22"><span class='ocrx_word' id='word_1_109' title='bbox 320 2416 326 2426; x_wconf 95' lang='lat'><em>·</em></span> <span class='ocrx_word' id='word_1_110' title='bbox 365 2375 553 2450; x_wconf 57' lang='lat' dir='ltr'>tribulatio</span> <span class='ocrx_word' id='word_1_111' title='bbox 582 2370 778 2446; x_wconf 78' lang='lat' dir='ltr'>necessaria</span> <span class='ocrx_word' id='word_1_112' title='bbox 798 2396 851 2452; x_wconf 86' lang='lat' dir='ltr'>est</span> <span class='ocrx_word' id='word_1_113' title='bbox 870 2376 943 2464; x_wconf 90' lang='lat' dir='ltr'>his,</span> <span class='ocrx_word' id='word_1_114' title='bbox 971 2377 1032 2472; x_wconf 91' lang='lat' dir='ltr'>qui</span> <span class='ocrx_word' id='word_1_115' title='bbox 1059 2379 1247 2464; x_wconf 80' lang='lat' dir='ltr'>salvantur,</span> 
     </span>
     <span class='ocr_line' id='line_1_20' title="bbox 365 2485 1249 2588; baseline -0.003 -21"><span class='ocrx_word' id='word_1_116' title='bbox 365 2505 413 2567; x_wconf 70' lang='lat' dir='ltr'>ut</span> <span class='ocrx_word' id='word_1_117' title='bbox 439 2485 713 2588; x_wconf 85' lang='lat' dir='ltr'>quodammodo</span> <span class='ocrx_word' id='word_1_118' title='bbox 738 2491 881 2564; x_wconf 82' lang='lat' dir='ltr'>contriti</span> <span class='ocrx_word' id='word_1_119' title='bbox 895 2546 920 2579; x_wconf 35' lang='lat'>,1</span> <span class='ocrx_word' id='word_1_120' title='bbox 939 2493 1192 2579; x_wconf 80' lang='lat' dir='ltr'>etattenuati,</span> <span class='ocrx_word' id='word_1_121' title='bbox 1217 2511 1249 2564; x_wconf 88' lang='lat' dir='ltr'>et</span> 
     </span>
     <span class='ocr_line' id='line_1_21' title="bbox 361 2603 1250 2706; baseline -0.003 -23"><span class='ocrx_word' id='word_1_122' title='bbox 361 2608 555 2706; x_wconf 72' lang='lat' dir='ltr'>oohsparsi</span> <span class='ocrx_word' id='word_1_123' title='bbox 591 2627 652 2704; x_wconf 83' lang='lat' dir='ltr'>per</span> <span class='ocrx_word' id='word_1_124' title='bbox 686 2603 890 2705; x_wconf 74' lang='lat' dir='ltr'>patientiam</span> <span class='ocrx_word' id='word_1_125' title='bbox 926 2608 1052 2681; x_wconf 88' lang='lat' dir='ltr'>Verbo</span> <span class='ocrx_word' id='word_1_126' title='bbox 1090 2608 1186 2697; x_wconf 87' lang='lat' dir='ltr'>Dei,</span> <span class='ocrx_word' id='word_1_127' title='bbox 1218 2628 1250 2681; x_wconf 85' lang='lat' dir='ltr'>et</span> 
     </span>
     <span class='ocr_line' id='line_1_22' title="bbox 359 2717 1249 2823; baseline -0.001 -24"><span class='ocrx_word' id='word_1_128' title='bbox 359 2717 490 2823; x_wconf 77' lang='lat' dir='ltr'>igniti,</span> <span class='ocrx_word' id='word_1_129' title='bbox 513 2726 588 2820; x_wconf 70' lang='lat' dir='ltr'>apti</span> <span class='ocrx_word' id='word_1_130' title='bbox 611 2725 675 2796; x_wconf 81' lang='lat' dir='ltr'>sint</span> <span class='ocrx_word' id='word_1_131' title='bbox 699 2721 743 2796; x_wconf 90' lang='lat' dir='ltr'>ad</span> <span class='ocrx_word' id='word_1_132' title='bbox 765 2723 967 2815; x_wconf 78' lang='lat' dir='ltr'>convivium</span> <span class='ocrx_word' id='word_1_133' title='bbox 991 2725 1109 2821; x_wconf 86' lang='lat' dir='ltr'>regis..</span> <span class='ocrx_word' id='word_1_134' title='bbox 1123 2726 1249 2820; x_wconf 84' lang='lat' dir='ltr'>Quem·</span> 
     </span>
     <span class='ocr_line' id='line_1_23' title="bbox 364 2837 1249 2940; baseline 0.002 -27"><span class='ocrx_word' id='word_1_135' title='bbox 364 2843 566 2913; x_wconf 84' lang='lat' dir='ltr'>·admodum</span> <span class='ocrx_word' id='word_1_136' title='bbox 594 2837 737 2933; x_wconf 84' lang='lat' dir='ltr'>quidam</span> <span class='ocrx_word' id='word_1_137' title='bbox 764 2841 816 2911; x_wconf 83' lang='lat' dir='ltr'>de</span> <span class='ocrx_word' id='word_1_138' title='bbox 841 2842 969 2913; x_wconf 88' lang='lat' dir='ltr'>nostris</span> <span class='ocrx_word' id='word_1_139' title='bbox 1000 2843 1109 2930; x_wconf 88' lang='lat' dir='ltr'>dixit,</span> <span class='ocrx_word' id='word_1_140' title='bbox 1149 2869 1249 2940; x_wconf 90' lang='lat' dir='ltr'>prop·</span> 
     </span>
     <span class='ocr_line' id='line_1_24' title="bbox 372 2955 1246 3051; baseline 0.005 -22"><span class='ocrx_word' id='word_1_141' title='bbox 372 2973 422 3029; x_wconf 80' lang='lat' dir='ltr'>ter</span> <span class='ocrx_word' id='word_1_142' title='bbox 447 2955 647 3051; x_wconf 84' lang='lat' dir='ltr'>martyrium</span> <span class='ocrx_word' id='word_1_143' title='bbox 673 2956 713 3024; x_wconf 85' lang='lat' dir='ltr'>in·</span> <span class='ocrx_word' id='word_1_144' title='bbox 738 2955 858 3028; x_wconf 88' lang='lat' dir='ltr'>Deum</span> <span class='ocrx_word' id='word_1_145' title='bbox 873 2958 1102 3032; x_wconf 43' lang='lat' dir='ltr'>&#39;adiudicatus</span> <span class='ocrx_word' id='word_1_146' title='bbox 1125 2961 1171 3032; x_wconf 87' lang='lat' dir='ltr'>ad</span> <span class='ocrx_word' id='word_1_147' title='bbox 1193 2960 1246 3032; x_wconf 86' lang='lat' dir='ltr'>be·</span> 
     </span>
     <span class='ocr_line' id='line_1_25' title="bbox 360 3059 1243 3164; baseline 0.003 -20"><span class='ocrx_word' id='word_1_148' title='bbox 360 3059 483 3144; x_wconf 75' lang='lat' dir='ltr'>uia-‘rr</span> <span class='ocrx_word' id='word_1_149' title='bbox 521 3071 704 3164; x_wconf 77' lang='lat' dir='ltr'>Quoniam</span> <span class='ocrx_word' id='word_1_150' title='bbox 735 3075 951 3146; x_wconf 80' lang='lat' dir='ltr'>frumentum</span> <span class='ocrx_word' id='word_1_151' title='bbox 986 3077 1061 3149; x_wconf 84' lang='lat' dir='ltr'>sum</span> <span class='ocrx_word' id='word_1_152' title='bbox 1095 3076 1243 3162; x_wconf 85' lang='lat' dir='ltr'>Christi,</span> 
     </span>
     <span class='ocr_line' id='line_1_26' title="bbox 317 3184 1242 3286; baseline 0.001 -23"><span class='ocrx_word' id='word_1_153' title='bbox 317 3185 319 3190; x_wconf 61' lang='grc'><strong>’</strong></span> <span class='ocrx_word' id='word_1_154' title='bbox 368 3211 405 3263; x_wconf 85' lang='lat' dir='ltr'>et</span> <span class='ocrx_word' id='word_1_155' title='bbox 425 3216 487 3286; x_wconf 85' lang='lat' dir='ltr'>per</span> <span class='ocrx_word' id='word_1_156' title='bbox 507 3184 844 3263; x_wconf 74' lang='lat' dir='ltr'>dentes-bestiarum</span> <span class='ocrx_word' id='word_1_157' title='bbox 868 3193 1004 3278; x_wconf 89' lang='lat' dir='ltr'>molor,</span> <span class='ocrx_word' id='word_1_158' title='bbox 1032 3211 1071 3263; x_wconf 91' lang='lat' dir='ltr'>ut</span> <span class='ocrx_word' id='word_1_159' title='bbox 1094 3195 1242 3266; x_wconf 90' lang='lat' dir='ltr'>mundns</span> 
     </span>
     <span class='ocr_line' id='line_1_27' title="bbox 361 3303 1239 3407; baseline 0.002 -31"><span class='ocrx_word' id='word_1_160' title='bbox 361 3307 467 3403; x_wconf 70' lang='lat' dir='ltr'>panis</span> <span class='ocrx_word' id='word_1_161' title='bbox 492 3303 564 3377; x_wconf 90' lang='lat' dir='ltr'>Dei</span> <span class='ocrx_word' id='word_1_162' title='bbox 586 3307 754 3379; x_wconf 71' lang='lat' dir='ltr'>inveniam</span> <span class='ocrx_word' id='word_1_163' title='bbox 766 3311 802 3346; x_wconf 47' lang='lat'>‘⁸&#39;</span> <span class='ocrx_word' id='word_1_164' title='bbox 843 3303 934 3402; x_wconf 69' lang='lat' dir='ltr'>Quae</span> <span class='ocrx_word' id='word_1_165' title='bbox 958 3307 1127 3380; x_wconf 73' lang='lat' dir='ltr'>verbam</span> <span class='ocrx_word' id='word_1_166' title='bbox 1151 3311 1239 3407; x_wconf 83' lang='lat' dir='ltr'>epist.</span> 
     </span>
     <span class='ocr_line' id='line_1_28' title="bbox 365 3421 1266 3525; baseline 0.009 -32"><span class='ocrx_word' id='word_1_167' title='bbox 365 3423 402 3493; x_wconf 63' lang='lat' dir='ltr'>St·</span> <span class='ocrx_word' id='word_1_168' title='bbox 422 3422 548 3516; x_wconf 79' lang='lat' dir='ltr'>Ignatii</span> <span class='ocrx_word' id='word_1_169' title='bbox 563 3422 833 3521; x_wconf 76' lang='lat' dir='ltr'>¹ud‘Ror&#39;nanos</span> <span class='ocrx_word' id='word_1_170' title='bbox 852 3443 891 3506; x_wconf 70' lang='lat' dir='ltr'>,et</span> <span class='ocrx_word' id='word_1_171' title='bbox 914 3426 950 3496; x_wconf 90' lang='lat' dir='ltr'>in</span> <span class='ocrx_word' id='word_1_172' title='bbox 979 3421 1055 3498; x_wconf 70' lang='lat' dir='ltr'>eius·</span> <span class='ocrx_word' id='word_1_173' title='bbox 1077 3427 1239 3525; x_wconf 80' lang='lat' dir='ltr'>martyrio</span> <span class='ocrx_word' id='word_1_174' title='bbox 1265 3467 1266 3472; x_wconf 13' lang='grc' dir='ltr'><strong>κ</strong></span> 
     </span>
     <span class='ocr_line' id='line_1_29' title="bbox 363 3539 934 3634; baseline -0.012 -20"><span class='ocrx_word' id='word_1_175' title='bbox 363 3539 538 3634; x_wconf 86' lang='lat' dir='ltr'>leguntur.</span> <span class='ocrx_word' id='word_1_176' title='bbox 623 3585 631 3596; x_wconf 90' lang='lat'><strong>·</strong></span> <span class='ocrx_word' id='word_1_177' title='bbox 681 3587 686 3594; x_wconf 87' lang='lat'>-</span> <span class='ocrx_word' id='word_1_178' title='bbox 736 3591 740 3598; x_wconf 84' lang='lat'>.</span> <span class='ocrx_word' id='word_1_179' title='bbox 910 3559 934 3599; x_wconf 87' lang='grc'>·.</span> 
     </span>
    </p>
   </div>
   <div class='ocr_carea' id='block_1_2' title="bbox 393 3653 1059 3778">
    <p class='ocr_par' dir='ltr' id='par_1_2' title="bbox 393 3653 1059 3778">
     <span class='ocr_line' id='line_1_30' title="bbox 393 3653 1059 3778; baseline 0.005 -35"><span class='ocrx_word' id='word_1_180' title='bbox 393 3691 444 3778; x_wconf 77' lang='grc' dir='ltr'>ι)</span> <span class='ocrx_word' id='word_1_181' title='bbox 458 3658 522 3757; x_wconf 56' lang='lat' dir='ltr'>Pu.</span> <span class='ocrx_word' id='word_1_182' title='bbox 543 3673 606 3756; x_wconf 63' lang='lat' dir='ltr'>w.</span> <span class='ocrx_word' id='word_1_183' title='bbox 630 3697 676 3742; x_wconf 77' lang='lat' dir='ltr'>eto</span> <span class='ocrx_word' id='word_1_184' title='bbox 762 3673 969 3758; x_wconf 60' lang='lat' dir='ltr'>hhl&#39;oon..X1.</span> <span class='ocrx_word' id='word_1_185' title='bbox 993 3653 1059 3762; x_wconf 58' lang='lat'>23}⁸</span> 
     </span>
    </p>
   </div>
   <div class='ocr_carea' id='block_1_3' title="bbox 0 0 1288 4680">
    <p class='ocr_par' dir='ltr' id='par_1_3' title="bbox 0 0 1288 4680">
     <span class='ocr_line' id='line_1_31' title="bbox 0 0 1288 4680; baseline 0 6"><span class='ocrx_word' id='word_1_186' title='bbox 0 0 1288 4680; x_wconf 95' lang='lat' dir='ltr'> </span> 
     </span>
    </p>
   </div>
  </div>
 </body>
</html>
