2594 4672
875 379 923 448 43

51 523 179 608 postea
206 501 299 580 vero
328 502 545 578 ieiunatmos
576 503 812 601 promittens,
846 529 926 578 tum
954 501 1072 568 0⁰⁰¹·

50 630 188 698 ablatus
209 623 325 696 abeis
347 624 496 718 sponsus
516 641 624 706 esset;
649 647 717 696 nec
734 621 928 720 discipulos
949 621 1081 718 fflfll·

52 741 239 826 defendit,
264 739 326 810 sed
354 738 473 835 potius
499 739 702 824 excusavit,
729 739 830 834 quasi
855 765 929 811 nou
945 722 1084 798 *W

52 860 123 931 sine
145 859 288 930 ratione
305 856 580 951 reprehensos.“
623 853 723 928 Dicit
741 855 931 928 Tertullia·
1116 849 1122 860 ’

54 1001 122 1046 nus
147 972 326 1045 humiliter
354 970 534 1044 Christum
559 972 731 1044 rationem
756 973 930 1060 reddere,

56 1117 184 1187 nempe
211 1116 251 1160 se
276 1087 426 1160 suaviter
453 1088 544 1160 adeo
571 1089 790 1162 demittendo
814 1090 932 1161 indul·

54 1209 250 1302 gendoque
272 1204 463 1276 infirmitati
486 1204 652 1301 utrinque
675 1205 931 1303 discipulorum

56 1324 222 1410 loannis,
248 1322 404 1395 animum
426 1347 581 1394 amarum
605 1349 644 1394 ac
665 1323 824 1396 invidum
845 1347 932 1420 prae·

57 1439 302 1525 referentium,
320 1457 355 1510 et
371 1441 532 1525 suorum,
550 1463 642 1534 quos
655 1439 746 1511 adeo
764 1439 933 1526 humiliat,

61 1579 96 1628 et
115 1557 254 1628 abiecte
273 1555 520 1628 vestimentum
540 1575 665 1642 vetus,
693 1575 858 1651 utresque
875 1583 934 1630 ve·
946 1573 1029 1632 Prnnl
1049 1581 1078 1634 et

64 1693 148 1748 teres
165 1675 338 1769 appellat,
359 1692 481 1769 utpote
499 1673 657 1746 necdum
670 1671 798 1770 Spiritu
814 1674 933 1746 sancto
946 1669 1017 1714 Μ
1029 1673 1076 1714 l‘·

62 1789 98 1860 in
121 1794 199 1884 lege
221 1789 342 1884 gratiae
364 1789 577 1878 innovatos,
603 1788 786 1877 infirmos,
814 1807 849 1862 et
873 1789 935 1860 im·
946 1749 1023 1830 ΜΨ

62 1907 225 1994 becilles,
262 1925 302 1977 ut
327 1907 550 1993 ostenderet,
591 1933 627 1978 se
656 1906 845 2002 Evangelii
874 1932 936 1980 no-

60 2022 202 2094 vitatem
242 2024 403 2118 separare
446 2047 467 2091 a
501 2021 588 2118 legis
624 2041 797 2096 vetustate
836 2011 936 2096 iuxt'a

62 2135 336 2211 Tertullianum.
408 2137 439 2210 S.
467 2139 689 2237 Hieronymo
716 2135 755 2230 o)
782 2123 934 2214 veroin

3 2275 4 2278 ’
60 2256 96 2328 h.
134 2259 158 2328 l.
196 2259 338 2353 plagula
374 2255 575 2329 vestimenti
614 2256 700 2330 novi
737 2276 773 2329 et
809 2256 935 2330 vinum

61 2397 198 2444 novum
218 2389 394 2468 praecepta
417 2373 620 2467 evangelica
636 2375 738 2460 sunt,
765 2391 800 2444 et
816 2373 862 2446 sic
880 2399 937 2470 ap·

62 2488 179 2586 posite
213 2487 245 2558 S.
273 2487 496 2561 Gaudentius
534 2487 728 2560 Brixiensis
767 2488 939 2586 Neophy-

62 2623 117 2678 tos
149 2605 312 2676 hortatur
325 2632 340 2698 ε1
366 2605 542 2690 „Servate
569 2629 713 2700 quaes0,
739 2603 854 2700 inquit
878 2601 939 2692 bl,

61 2741 157 2802 utres
184 2746 302 2794 novos
329 2720 539 2818 Neophyti,
571 2747 616 2792 ne
645 2720 754 2793 vitam
782 2739 939 2793 veterem

64 2857 286 2935 repetentes,
318 2855 353 2908 et
379 2836 503 2910 vinum
530 2835 753 2924 effundetur,
786 2857 820 2909 et
845 2855 938 2910 utres
1038 2871 1045 2882 ·

67 2955 241 3050 peribunt.
288 2953 481 3026 Custodite
514 2953 621 3049 igitur
651 2950 845 3050 regenerati
875 2953 939 3026 ho·

69 3071 167 3150 minis
195 3071 369 3166 integram
399 3071 621 3156 novitatem,
657 3090 693 3142 et
722 3073 862 3144 coeleste
888 3072 938 3148 vi·

66 3213 151 3264 num
176 3187 216 3260 in
242 3187 365 3270 vestris
392 3185 478 3268 utris
504 3203 720 3266 coisservatu
735 3188 757 3224 ‘⁶

138 3418 242 3492 Dum
262 3419 401 3497 Cantic.
422 3420 504 3492 Vll.
528 3422 676 3520 sponsus
696 3418 857 3496 Christus
878 3419 942 3496 fili·

8 3597 9 3602 ,
65 3539 154 3614 abus
178 3538 369 3612 Jerusalem
400 3541 460 3612 seu
490 3540 678 3636 synagogae
712 3537 944 3634 pulchritudi-

66 3681 148 3730 nem
190 3656 328 3752 sponsae
365 3655 532 3730 Ecclesiae
566 3655 779 3741 adumbrat‚
830 3665 945 3726 Guttur

67 3794 173 3857 tuum,
202 3789 288 3865 post
309 3769 375 3843 alia
396 3772 507 3859 dicit,
534 3780 617 3858 ficut
639 3784 746 3844 uinum
768 3782 943 3864 optimum,

69 3889 168 3983 quod
188 3886 387 3962 doctrinam
406 3889 644 3984 evangelicam
666 3885 944 3975 Theodoreus,

107 4038 141 4113 a)
163 4038 196 4100 T.
220 4036 274 4101 W.
296 4050 321 4108 p.
350 4050 392 4106 aa.
483 4038 512 4114 l)
535 4039 614 4101 Strm.
642 4037 725 4102 Vm.
745 4049 773 4110 p.
797 4040 841 4098 86.
