2438 4566
368 336 599 356 ’‘h—*—

502 411 512 435 „
831 307 923 392 '235

120 449 307 526 Insederat
330 450 446 524 adhuc
468 450 587 525 animo
609 443 704 524 Petri
727 451 923 527 communis
956 449 1072 512 Cim
1121 455 1123 461 ’

70 569 254 642 udaeorum
286 567 468 664 persuasio
501 569 546 639 de
579 568 728 640 Messian
759 569 797 640 in
827 568 924 641 terris
955 569 1075 628 1«XXII-

70 712 183 782 egno‚
202 687 247 757 de
268 711 340 781 quo
360 703 459 757 tanto
477 686 701 780 prosperiora
720 686 766 758 ad
784 712 928 757 omnem
944 687 1086 750 *W

70 800 274 889 elicitatem,
310 800 504 895 altioraque
538 800 600 872 fibi
629 801 666 873 in
694 804 850 880 animum
879 802 931 874 in·

70 918 221 1004 luxerat,
250 943 324 1013 quo
348 916 626 1014 praestantiorem
651 918 696 991 de
720 946 764 992 eo
791 918 932 1016 opinio·

70 1061 134 1107 nem
156 1051 394 1132 conceperat,
430 1035 611 1108 confessus
638 1063 719 1109 eum
748 1036 932 1123 Christum

70 1149 178 1231 Filium
190 1150 268 1225 Dei
290 1151 374 1225 vivi.
423 1203 446 1237 „
456 1151 552 1248 Ipse,
574 1154 654 1225 sunt
670 1150 782 1226 uerba
801 1154 832 1252 8.Ι
852 1154 932 1228 Irae·
992 1178 995 1182 ’

70 1267 114 1339 nei
137 1269 199 1342 M.
229 1265 292 1358 a),
320 1266 382 1363 qui
411 1268 548 1362 agnitus
573 1288 626 1340 est
650 1296 670 1341 a
695 1270 803 1343 Petro
828 1270 932 1344 Chri-

70 1403 147 1472 stus,
173 1384 234 1481 qui
260 1411 341 1456 eum
364 1383 508 1455 beatum
535 1383 648 1471 dixit,
676 1387 843 1480 quoniam
867 1387 932 1461 Pa·

72 1517 112 1572 ter
142 1501 173 1574 ei
210 1498 382 1575 revelavit
415 1499 543 1572 Filium
579 1500 654 1573 Dei
686 1500 782 1589 vivi,
819 1501 932 1591 dixit,

74 1594 280 1714 semetipsum
339 1637 541 1713 opportere·
585 1621 696 1692 multa
746 1617 846 1716 pati,
894 1639 934 1690 et

75 1734 237 1830 crucifigi:
277 1753 312 1808 et
343 1755 428 1806 tunc
459 1726 602 1807 Petrum
633 1733 855 1830 increpavit,
884 1736 935 1809 se·

77 1851 213 1924 cundum
240 1850 449 1947 opinionem
474 1851 660 1923 hominum
687 1852 826 1949 putanti
852 1878 935 1926 eum

76 1988 133 2038 esse
165 1965 368 2053 Christum,
417 1987 453 2039 et
484 1967 686 2063 passionem
729 1968 802 2042 eius
837 1995 934 2042 aver·

78 2083 156 2156 santi.
167 2085 190 2122 “
247 2083 385 2176 Quaerit
414 2069 692 2179 &Augustinus
717 2084 773 2175 b):
804 2086 933 2179 „Qua-
949 2109 1023 2167 Male
1041 2105 1082 2164 sa-

78 2219 106 2268 re
125 2225 205 2297 ergo
230 2197 385 2286 satanas,
416 2198 477 2294 qui
506 2190 614 2296 patilo
641 2221 722 2273 ante
747 2202 871 2275 beatus
898 2223 934 2278 et
949 2195 1023 2264 prens
1042 2191 1081 2247 fi·

885 2319 893 2334 .
949 2286 1023 2332 tanas
1041 2275 1083 2332 di·
1173 2288 1174 2291 ’

80 2319 187 2406 petra?
250 2328 319 2390 Non
347 2326 426 2388 enim
442 2325 537 2407 sapis
563 2345 626 2409 qua
651 2327 710 2390 Dei
725 2327 827 2406 sunt,
862 2341 932 2408 art,
950 2361 1028 2416 citu„

70 2435 271 2526 ,sedquaesunt
290 2445 430 2528 hominis,
481 2431 594 2507 Paulo
615 2452 719 2520 ante,
738 2458 815 2529 quae
834 2434 933 2508 Dei:

80 2554 142 2638 Quia
164 2580 224 2625 non
239 2561 395 2624 revelavit
411 2559 467 2621 ribi
488 2577 560 2621 caro
585 2571 616 2622 et
624 2556 779 2637 sanguis,
791 2557 854 2639 sed
873 2561 937 2622 Pa·
1003 2538 1004 2543 ἵ

81 2681 113 2734 tcr
129 2697 232 2756 meus,
258 2680 366 2768 quiin
388 2676 468 2739 celis
489 2687 546 2739 est.
597 2664 757 2758 Quando
783 2666 821 2737 in
848 2665 936 2742 Deo

80 2777 224 2859 laudabat
249 2776 468 2870 sermonem,
500 2809 577 2855 non
601 2784 759 2872 satanas,
786 2784 847 2856 sed
873 2783 937 2857 Pe·

80 2910 301 3000 uusapetrat
331 2900 477 2998 quando
500 2919 617 2974 autem
638 2925 733 2987 ase,
755 2919 854 2974 etex
874 2903 938 2976 hu·

80 3034 163 3091 mana
190 3017 414 3104 infirmitate,
446 3013 570 3089 'amore
600 3015 753 3089 hominis
782 3019 936 3107 carnali',
1004 3071 1006 3076 ι

79 3136 159 3224 quod
178 3132 438 3232 impedimento
461 3152 551 3231 esset
570 3131 669 3206 saluti
690 3131 797 3228 ipsius
818 3154 854 3206 et
873 3160 937 3208 cae·
962 3165 967 3170 ·

80 3260 236 3346 terorum,
261 3242 397 3323 satanas
425 3244 538 3322 dictus
565 3269 626 3323 est.
680 3248 831 3343 Quare?
856 3252 939 3348 quia
968 3230 980 3340 ‚⁸

81 3371 263 3456 praecedere
281 3365 483 3442 Dominum
500 3365 667 3454 volebat,
694 3387 730 3439 et
750 3366 847 3440 Duci
872 3394 940 3441 coe·

81 3479 143 3559 lesti
158 3507 336 3560 terrenum
358 3485 441 3556 dare
463 3483 658 3580 consilium.
673 3487 696 3523 “
744 3484 860 3577 Quod
879 3483 939 3554 hie

83 3595 149 3673 dicit
181 3603 212 3676 S.
244 3601 387 3679 Doctor
420 3604 630 3698 praecedere>
648 3600 850 3675 Dominum
878 3623 940 3670 vo·

85 3709 166 3792 luisse
198 3719 342 3792 Petrum
380 3718 586 3815 explicatius
617 3738 743 3814 postea
772 3713 939 3794 edisserit.

117 3898 141 3978 Ι)
157 3905 212 3964 lib.
239 3904 294 3964 lli·
315 3897 403 3958 instra
422 3888 521 3959 baereses
542 3921 565 3957 rr.
589 3918 617 3970 4.
637 3913 664 3970 p.
689 3913 751 3959 210.

165 3985 558 4096 proueniant-12.
579 4003 605 4043 n.
630 3999 672 4094 rs.
698 3983 729 4040 T.
752 3983 807 4055 W.
827 3995 852 4060 ρ.
877 3995 938 4052 525.
978 4033 979 4037 ,
