2438 4566
617 307 847 319 ——u—-a-

293 289 344 356 30

145 411 260 474 emur
296 416 449 489 remittat
481 415 585 486 nobis
620 415 739 487 debita
775 436 923 504 nostra,
959 417 1164 515 qen-{acto-

140 535 270 594 XXXW·
296 535 324 606 ri
351 555 473 606 nostro
502 518 671 604 debemus
697 531 795 604 Deo.
812 535 834 570 ‘⁶
881 533 1165 631 Argumentum,

142 656 370 749 ,Vuno
398 645 455 722 hic
482 676 564 720 usus
596 669 649 721 est
674 648 860 736 Christus,
891 671 938 722 et·
958 651 991 723 S.·
1019 635 1166 725 Irenaeu·

297 794 450 842 nervose
476 765 710 850 constrinxit,
745 765 917 838 invictum
946 788 1022 856 est,
1062 790 1168 865 erge·

297 884 445 960 neratim
468 887 585 970 valet,
621 904 725 977 atque
752 908 772 953 a
798 881 954 955 Christo·
970 887 1168 979 frequenter

301 1021 353 1076 est
376 1000 572 1072 adhibitum
596 1000 642 1071 ad
666 998 821 1071 divinam
848 1000 1057 1073 missionem
1080 1003 1169 1076 suam

300 1118 613 1189 demonstrandam
645 1100 779 1188 contra*
797 1116 1024 1205 incredulos,
1063 1138 1099 1191 et
1121 1124 1170 1190 ¹re·

298 1234 466 1329 fragarios
484 1233 645 1305 Judaeos:
677 1242 796 1322 Opera,
823 1252 886 1324 quae
907 1261 961 1319 ego
973 1243 1092 1322 facio,
1118 1256 1169 1308 tes·

300 1364 462 1451 tinronium
492 1359 651 1440 perhibent
681 1359 717 1420 de
748 1376 817 1436 me,
857 1361 933 1441 quin
965 1360 1063 1422 Pater
1092 1363 1170 1424 arisit

300 1495 347 1539 me
370 1465 420 1557 a).
487 1466 557 1538 Et:
592 1474 707 1536 Sinon
725 1473 817 1553 facio
839 1461 1072 1557 opera'Patris
1094 1479 1170 1554 mei,
1209 1558 1211 1569 Ι

300 1595 394 1656 nolite
419 1594 536 1656 credere
560 1594 637 1655 milri
647 1623 660 1667 ,·
689 1593 717 1652 si
742 1603 846 1652 autem
864 1591 980 1670 facio:
1006 1605 1040 1654 ct
1057 1593 1171 1654 simini
1209 1594 1211 1605 '

299 1730 360 1774 non
382 1711 481 1771 uultis
506 1708 645 1786 credere,
671 1709 810 1790 operibus
836 1709 946 1793 credite
958 1755 975 1785 ,
995 1720 1034 1771 ut
1057 1703 1172 1795 cognos-
1209 1750 1211 1793 :

301 1831 398 1904 catis,
419 1839 450 1888 et
463 1826 614 1901 credatis,
635 1828 711 1906 quia
730 1825 824 1886 Pater
836 1828 869 1886 in
881 1843 928 1886 me
941 1836 1007 1901 est,
1028 1837 1059 1888 et
1075 1829 1172 1902 egoiu
1209 1810 1211 1861 ¹

300 1944 398 2004 Patre
421 1920 470 2020 b).
519 1922 568 2002 Et
590 1931 635 2001 ad
652 1920 850 2031 Apostolus
868 1930 983 2028 ipsos:¹
1005 1960 1066 2003 non
1086 1943 1173 2006 credi·

301 2062 367 2136 tis,
394 2048 529 2144 inquit,
556 2062 631 2140 quia
653 2077 705 2134 ego
726 2061 759 2119 in
778 2058 894 2135 Patre,
921 2069 952 2120 et
969 2057 1066 2120 Pater
1082 2060 1173 2120 inme
1209 2032 1211 2061 ³

300 2175 375 2238 est?
396 2177 534 2257 alioquin
546 2184 675 2255 propter
691 2177 762 2257 ipsa
778 2193 873 2256 opera
893 2175 1016 2237 credite.
1060 2177 1172 2252 Amen,

300 2309 390 2352 amen
412 2292 480 2353 dico
501 2291 611 2367 vobis,
639 2293 693 2372 qui
714 2291 810 2357 credit,
825 2293 858 2352 in
874 2302 943 2368 me,
971 2305 1066 2373 opera
1079 2297 1094 2370 ‚'
1117 2305 1174 2374 qua

301 2427 356 2485 ego
374 2407 488 2487 facio,
515 2419 546 2469 et
570 2409 634 2488 ipre
650 2405 776 2485 faciet,
803 2418 834 2468 et
855 2409 978 2469 maiora
998 2408 1112 2471 horum
1123 2406 1172 2489 sa·

300 2528 361 2589 ciet
373 2557 385 2602 ,-
412 2530 487 2610 quia
513 2543 566 2603 ego
592 2524 636 2587 ad
659 2524 785 2586 Patrem
810 2523 894 2586 uado
919 2509 964 2613 c).-

135 2774 275 2832 Uttetiam
376 2749 438 2822 Ne
462 2736 567 2846 igitur
592 2737 695 2836 suos,
724 2772 816 2845 quos
844 2751 889 2823 ad
915 2736 1173 2848 praedicandum

134 2860 256 2994 dgtnceps
301 2863 540 2958 Evangelium
561 2866 675 2954 misit,
705 2885 810 2961 atque
832 2867 943 2963 ipsam
960 2869 1172 2953 Ecclesiam,
1209 2888 1211 2897 ·

132 2942 287 3079 iamsi?
302 3006 410 3076 quam
436 3000 552 3053 essent
578 2982 616 3053 in
642 2983 729 3055 orbe
751 3002 922 3057 terrarum
946 3004 1173 3080 congregatu-

133 3107 224 3181 uesiu
301 3098 355 3184 ri,-
381 3082 682 3172 fine'te'stimonio
708 3088 842 3173 vadens
860 3080 941 3199 ipse
965 3101 1012 3172 ad
1036 3098 1172 3173 Patrem

301 3240 343 3311 ac
364 3216 555 3304 recedens,
583 3218 819 3311 relinqueret,
845 3216 938 3288 hanc
957 3216 1006 3288 eis
1027 3211 1176 3314 potesta·

257 3378 260 3382 ·
299 3351 372 3407 tem
392 3331 491 3402 simul
511 3316 654 3427 reliquit
670 3333 858 3422 vicariam,
881 3334 981 3406 omui
1002 3334 1175 3433 exceptio·

185 3513 186 3517 ,
300 3478 348 3523 ne
369 3449 478 3521 maius
500 3450 738 3523 testimonium
758 3470 1081 3547 argumentumque
1102 3452 1177 3524 irre·

142 3550 147 3557 ¹
299 3565 493 3662 fragabile‚
520 3585 560 3638 ut
580 3593 713 3663 opera,
742 3592 821 3663 quae
843 3567 920 3664 ipse
942 3568 1121 3658 faciebat,
1147 3584 1178 3638 et

299 3683 369 3780 ipsi
392 3685 549 3756 facerent
573 3685 619 3755 ad
645 3687 809 3780 plenam,
836 3703 1040 3781 certamque
1065 3686 1177 3758 deme·

300 3800 447 3876 rendam
473 3801 603 3891 fidem,
642 3821 683 3874 ut
710 3801 794 3874 sciat
820 3801 1066 3898 unusquisque
1097 3825 1181 3898 quo·

341 3948 373 4026 a)
390 3947 435 4018 Jo.
457 3948 491 4016 V.
506 3953 551 4019 36.
585 3982 589 3990 ·
609 3949 640 4030 b)
655 3951 694 4011 lb.
709 3952 754 4018 X.
769 3964 812 4023 27.
829 3961 872 4023 38.
931 3951 1126 4053 &dh-ma
1142 3963 1181 4010 ιι.
