2438 4566
893 348 964 415 229

80 468 301 571 praedicatus
326 490 397 559 est,
419 490 525 567 atque
549 471 586 542 in
608 491 739 545 tantam
764 470 966 547 sublimatus
992 467 1105 532 CAPUT

84 589 296 685 dignitatem
323 616 343 661 a
368 589 514 661 Christo
542 615 615 660 non
641 591 753 662 solum
781 589 969 662 confessio·
1000 593 1101 648 LXXI.

74 706 140 794 -pis
176 706 360 802 praemium
394 705 546 800 accipit,
581 706 641 778 sed
673 708 776 780 etiam
811 707 914 782 huius
950 711 1121 778 ΝΥ*

87 821 191 896 Patre
219 822 351 895 coelesti
379 825 543 900 revelatae
572 822 699 898 divina
729 816 884 903 veritatis
916 824 971 895 fir-

89 957 306 1012 mamentum
334 939 440 1011 audit.
491 939 678 1028 „Viden’‚
704 943 782 1014 lunt
802 920 923 1014 verba⁸
938 941 971 1016 S.

91 1055 141 1130 Jo.
173 1055 424 1153 Chrysostomi
446 1055 483 1127 in
512 1057 547 1133 h.
578 1060 600 1128 l.
627 1053 685 1147 a),
713 1059 899 1154 quomodo
924 1059 972 1130 ad

93 1172 327 1247 sublimiorem
358 1173 403 1244 de
434 1199 471 1244 se
498 1173 704 1270 opinionem
732 1158 876 1248 Petrum
908 1175 971 1247 eri-

93 1311 169 1386 gat,
215 1308 250 1360 et
273 1289 423 1386 seipsum
454 1293 589 1368 revelet
612 1316 652 1363 ac
670 1318 732 1388 per
753 1293 859 1365 hasce
882 1293 969 1364 duas

95 1406 340 1504 promissiones
366 1432 403 1477 se
426 1405 553 1483 Filium
580 1405 655 1483 Dei
680 1414 754 1483 esse
773 1410 969 1482 ostendat?

97 1523 184 1596 Nam
210 1549 290 1620 quae
320 1523 383 1596 uni
413 1521 499 1597 Deo
529 1525 610 1599 sunt
638 1523 803 1625 propria,
840 1551 968 1620 nempe

96 1660 233 1738 peccata
263 1642 425 1728 solvere,
461 1640 658 1719 Ecclesiam
687 1641 725 1717 in
756 1659 856 1715 tanto
885 1641 972 1714 fluc-

98 1775 188 1830 tuum
222 1783 399 1832 concursu
428 1738 611 1833 immotam
643 1758 819 1850 reddere,
858 1757 973 1831 homi-

99 1898 242 1970 nemque
272 1873 484 1971 piscatorem
512 1894 588 1951 toto
609 1874 853 1973 'impugnante
879 1875 969 1949 orbe

99 2012 187 2087 petra
212 1982 405 2063 firmiorem
432 1992 605 2080 reddere,
632 1993 709 2069 haec
734 2019 772 2065 se
796 1992 846 2070 illi
873 1993 971 2066 ditu-

99 2132 166 2180 rum
199 2107 416 2205 pollicetur:
462 2130 503 2184 ut
531 2108 634 2182 Pater
664 2109 850 2188 letemiam
884 2114 968 2184 allo·

100 2247 200 2319 quens
229 2224 387 2328 dicebat,
422 2252 461 2298 se
488 2225 650 2323 posuisse
678 2227 777 2303 illum
800 2228 886 2303 ficut
912 2254 974 2299 eo·

102 2342 245 2415 lumnam
270 2367 416 2429 aeream,
454 2363 488 2417 et
514 2332 600 2418 ficut
624 2368 780 2419 murum..
843 2345 911 2416 Sed
933 2345 972 2415 il-

102 2459 164 2532 lum
175 2460 241 2556 'uni
255 2449 372 2556 genti,
390 2461 487 2535 hunc
501 2479 618 2534 autem
633 2459 669 2543 in
687 2460 853 2530 universo
868 2480 972 2529 terra·

103 2598 166 2648 rum
189 2557 289 2652 orbe.
340 2575 510 2654 Libenter
535 2601 732 2672 quaererem*
755 2576 799 2647 ab
824 2575 883 2663 iis,
912 2575 975 2670 qui
1082 2660 1083 2663 Ἴ

103 2688 308 2770 imminutam
343 2693 407 2767 filii
450 2693 656 2792 dignitatem
691 2696 822 2768 volunt
839 2699 859 2779 ‚f
889 2717 969 2787 quae

104 2812 222 2884 maiora
253 2812 320 2890 sint
345 2812 467 2904 dona,
493 2838 538 2885 an
567 2836 645 2907 quae
665 2811 787 2898 Pater,
816 2836 860 2881 an
890 2835 970 2905 quae

104 2920 196 3002 Filius
223 2929 331 3004 Petro
359 2929 467 3010 dedit,
531 2929 626 3006 Nam
656 2928 759 3001 Pater
788 2928 974 3005 revelatio·

105 3069 170 3118 nem
193 3045 274 3118 Filii
296 3045 403 3122 Petro
425 3045 545 3131 dedit;
570 3046 683 3123 Filius.
698 3071 786 3117 vero
808 3065 843 3116 et
861 3044 972 3121 Patris

106 3181 131 3233 et
146 3166 240 3236 suam
263 3161 517 3240 revelationem
541 3186 602 3258 per
623 3181 736 3233 toturn
757 3162 886 3237 orbem
903 3161 973 3235 dis-

70 3272 72 3277 ’
105 3279 301 3366 seminavit,
346 3306 387 3352 ac
417 3280 558 3354 mortali
590 3279 727 3354 homini
747 3298 901 3357 ‘omnem
932 3281 971 3369 in

70 3406 73 3429 ¹
107 3401 180 3470 toelo
203 3410 417 3495 potestatem
442 3395 564 3486 dedit²
590 3396 673 3468 dum
697 3399 813 3469 claves
836 3398 884 3469 illi
906 3418 970 3470 tra·

109 3507 198 3602 didit,
227 3514 289 3610 qui
312 3514 506 3592 Ecclesiam
532 3540 596 3617 per
620 3536 732 3591 totum
759 3515 883 3587 orbem
904 3534 969 3585 ter·

109 3647 206 3703 urum
238 3631 420 3718 extendit,
462 3652 496 3703 et
526 3631 620 3709 coelis
648 3633 840 3708 firmiorem
868 3656 969 3705 mon-

112 3747 233 3821 stravit:
253 3747 356 3819 lnam
384 3747 453 3835 uit,
482 3759 587 3824 coelum
615 3772 644 3821 et
668 3773 752 3822 terra
775 3756 971 3835 transibunt,

114 3873 314 3938 restaurarem
341 3894 409 3938 meu
436 3895 495 3937 non
522 3875 706 3945 transibunt.
769 3862 970 3955 Quomodo

144 4009 168 4086 u)
187 4016 259 4074 Hom.
289 4015 365 4072 LIV.
388 4018 416 4072 in
437 4016 536 4101 Multlt
561 4036 586 4073 n.
611 4022 640 4076 t.v
669 4016 699 4070 Τ.
728 4017 792 4080 Vll.
814 4029 839 4090 p·
864 4024 924 4086 tut·
