2438 4566
808 293 812 299 ’
863 302 938 373 317
971 306 990 327 “·

50 467 156 530 mus,
187 463 292 538 quam
313 436 374 534 qui
391 438 540 509 vulnera
561 453 684 507 nostra
707 436 858 511 curavit:
888 441 937 512 di·
962 416 1078 481 ΟΜ

52 562 209 659 ligamus
238 584 342 643 eum,
370 553 472 650 quasi
498 551 723 640 Dominum,
752 520 1102 678 diligamusnzxzvru

54 704 161 765 eum,
181 672 280 772 quasi
299 671 525 770 proximum
545 670 632 742 nihil
654 670 748 743 enirn
771 692 842 745 tarn
860 702 944 773 pro·

54 795 222 879 ximum,
261 816 369 888 quam
396 806 505 885 caput
528 788 716 861 membris:
757 791 944 888 diligamus

57 914 167 989 etiam
194 936 299 996 eum,
328 904 390 1003 qui
420 902 574 975 imitator
602 924 655 978 est
682 906 839 982 Christi:
870 910 945 982 dili·

57 1056 186 1131 gamus
218 1052 322 1102 eum,
359 1018 421 1119 qui
447 1021 580 1119 inopiae
610 1023 749 1096 alterius
781 1029 945 1124 corporis

56 1148 195 1225 unitate
230 1141 456 1239 compatitur.
525 1137 615 1212 Non
653 1142 747 1214 enim
777 1147 946 1242 cognatio

57 1264 146 1342 facit
167 1259 391 1361 proximum,
416 1253 479 1328 sed
498 1250 754 1347 misericordia3
780 1262 863 1357 quia
886 1265 949 1337 mi.
1026 1268 1028 1273 ’
1061 1328 1065 1334 ,

58 1377 256 1455 sericordia
284 1374 479 1450 secundum
509 1392 694 1446 naturam:
737 1378 825 1451 nihil
852 1382 948 1458 enirn

62 1518 138 1573 tam
163 1492 360 1569 fecundum
384 1501 563 1580 naturam,
589 1516 696 1587 quam
720 1493 842 1567 iuvare
865 1524 950 1571 con-

61 1634 199 1689 sortem
218 1630 362 1685 naturae.
370 1613 393 1648 “
428 1606 700 1705 &Augustinus
715 1606 755 1699 a)
775 1631 848 1686 tum
867 1617 952 1689 alibi

64 1758 150 1807 cum
175 1755 264 1804 vero
288 1726 468 1801 succincte
494 1746 529 1798 et
550 1725 757 1799 articulatim
781 1729 826 1801 de
849 1730 953 1804 Chri·

64 1868 124 1923 sto
152 1844 308 1943 explicat
329 1846 422 1916 hanc
448 1842 655 1939 parabolam
682 1844 743 1918 lib.
772 1846 816 1920 ll.
845 1848 952 1944 Quae.

64 1966 226 2041 stionum
250 1959 535 2059 evangelicarum
558 1958 692 2054 Quaest.
724 1987 779 2057 19.

78 2257 81 2263 .
144 2193 261 2273 Judaei
281 2215 316 2269 et
338 2191 544 2268 Samaritani
571 2218 617 2268 ex
637 2186 826 2271 Israelitica
846 2221 955 2296 gente

71 2342 112 2393 ac
140 2316 248 2412 stirpe
273 2314 395 2387 fratres
428 2332 549 2398 erant,
590 2338 657 2385 nec
685 2313 857 2408 religione
888 2319 957 2392 nisi

73 2460 119 2507 ex
149 2450 249 2531 parte
280 2430 463 2526 dispares,
501 2428 585 2500 hinc
616 2447 734 2500 tamen
761 2432 958 2508 admodum

73 2548 187 2626 aversi
214 2546 345 2621 animo.
400 2544 509 2617 Unde
535 2545 589 2617 lo.
614 2543 678 2616 IV.
705 2570 739 2638 9.
767 2548 957 2625 mirabatur

73 2665 201 2743 mulier
220 2662 453 2736 Samaritana:
481 2660 714 2755 eromodotu,
742 2663 876 2760 inquit,
902 2680 961 2752 Ju.

75 2796 154 2859 daus
175 2810 245 2854 cum
259 2786 327 2869 fis,
348 2762 447 2852 hidric
464 2807 486 2850 a
506 2802 555 2850 me
566 2791 667 2871 peries
688 2791 834 2872 qaraesum
852 2799 963 2861 marlier

10 2980 17 3000 f
78 2908 309 2975 Samaritana?
339 2908 408 2968 Non
435 2909 514 2969 enim
542 2918 709 2970 coutuntur
729 2909 828 2979 Judaei
857 2913 964 2978 Sama<

10 3003 24 3090 l
79 3030 200 3093 aaa.
254 3013 409 3086 causam
433 3013 508 3084 aaa
531 3030 567 3083 et
588 3013 721 3086 dissidii
745 3018 848 3090 etiam
870 3027 963 3097 urna

81 3130 266 3209 Roboami
292 3128 492 3201 Salomonis
523 3128 586 3200 filii
609 3150 651 3201 ac
680 3131 886 3207 Jeroboami
913 3140 964 3234 (a

84 3276 160 3348 quq
182 3249 327 3323 scissum
350 3264 403 3318 est
425 3246 653 3320 Israeliticum
675 3249 853 3345 regnum)
882 3275 967 3330 tem.

86 3392 172 3465 pora
205 3365 297 3438 infra
326 3363 391 3435 IV.
424 3388 480 3437 20.
511 3361 645 3436 indicat
674 3367 826 3441 mulier:
856 3381 966 3446 Patres

10 3546 13 3583 ;
88 3497 181 3559 nostri
203 3495 238 3555 in
259 3504 361 3555 monte
382 3491 439 3552 lroc
460 3491 687 3563 adoraverunt,
710 3507 741 3558 et
762 3516 821 3559 vos
843 3498 970 3577 dicitis,

92 3614 163 3693 quia
178 3610 386 3689 -Jerosolymis
409 3620 453 3670 est
477 3609 582 3688 locus,
610 3613 662 3675 ubi
685 3614 816 3674 adorare
839 3626 972 3693 oportet.

93 3710 194 3791 Unde
219 3741 364 3803 revera,
393 3713 431 3786 in
455 3717 630 3813 opinione
653 3719 718 3790 hac
739 3718 969 3811 Judaeorum,

98 3830 251 3909 christus
294 3832 528 3907 Samaritanus
573 3835 688 3913 videri
729 3856 869 3936 poterat
910 3843 970 3915 vel

10 3962 30 4067 Ἀ,
135 3984 164 4062 a)
186 3986 220 4048 r.
242 3983 302 4046 ιιι.
325 3983 357 4043 e.
384 3982 425 4048 11.
447 3996 474 4057 ρ.
498 4000 560 4056 ιςς.
