2438 4566
332 316 565 337 —d—h-——n—-t

818 292 894 377 ³67

10 434 263 531 dispensentur
284 431 425 504 creditae
447 433 552 506 nobis
575 434 720 525 divitiae:
760 436 808 509 Et
829 440 911 535 pri,
925 439 1040 503 carun

10 575 110 625 mum
133 552 203 622 hoc
225 548 411 633 discimus,
448 552 549 643 qu'od
581 579 655 625 non
686 554 804 626 sumus
835 543 898 629 do·
919 563 1048 624 Xevnl.

10 669 98 743 mini
123 666 337 739 divitiarum.
373 664 488 769 *Nihil
510 668 600 739 enim
622 670 793 744 habemus
815 682 1054 768 ριόὼνγν

10 786 153 887 prium,
180 785 241 856 led
270 784 533 879 dispensatores
560 784 752 859 alienarum
779 797 899 864 reru'm‘
1107 773 1110 781 ¹

10 906 156 989 sumus,
191 925 272 998 quae
304 914 325 971 a
352 897 517 983 Domino
548 902 655 974 nobis
683 908 898 981 concreditae
931 882 934 887 .
976 977 979 983 .

10 1024 115 1106 funt,
143 1038 184 1091 ut
204 1021 281 1091 illas
305 1017 408 1090 bene
422 1015 685 1113 dispensemus,
713 1022 800 1095 ficut
821 1025 899 1122 ipse

10 1138 173 1237 imperat.
241 1134 294 1205 At
331 1133 359 1204 si
395 1120 617 1209 concreditas
651 1137 788 1212 divitias
822 1168 902 1214 non

13 1240 296 1353 expenderimus
326 1251 425 1321 iuxta
459 1273 616 1354 mentem
650 1254 828 1346 Domini,
867 1278 904 1332 et

11 1372 118 1449 abusi
143 1370 311 1443 fuerimus
335 1366 403 1439 illis
427 1366 465 1439 in
490 1388 652 1440 nostrum
677 1375 823 1462 luxum,
850 1403 904 1448 ac-

12 1486 231 1565 cusabimur.
282 1483 427 1558 Etenim
454 1488 620 1559 voluntas
650 1487 805 1561 Domini
831 1513 906 1578 est,

10 1606 108 1683 datis
129 1605 183 1678 uti
205 1605 242 1676 in
268 1629 349 1676 usus
375 1628 630 1676 conservorum
659 1633 734 1679 non
762 1607 798 1677 in
823 1633 908 1704 pro·

12 1725 112 1825 pr'ias
144 1718 299 1794 delicias.
369 1719 484 1792 Porro
515 1722 576 1829 qui
606 1738 835 1834 accusantur,
872 1712 909 1798 ἐξ

14 1841 259 1917 destituuntur
283 1865 303 1909 a
326 1837 589 1932 dispensatione
620 1840 840 1930 divitiarum,
869 1844 910 1915 hi

14 1962 120 2047 funt,
157 1957 220 2053 qui
253 1981 298 2027 ex
330 1955 397 2025 hac
423 1955 496 2055 vita
527 1957 725 2051 emigrant,
758 1960 935 2054 quando.

15 2056 150 2175 scilicet
184 2093 218 2145 et
251 2060 423 2144 rationem
456 2071 619 2143 dabimus
653 2074 698 2146 de
730 2076 912 2170 dispensa·

15 2172 141 2278 tione,
166 2215 257 2294 'cum
281 2187 444 2291 destituti
463 2188 642 2261 fuerimus.
656 2193 678 2228 ‘⁶
752 2170 911 2268 Pertinet

17 2336 168 2409 quoque
194 2308 265 2379 huc
297 2288 467 2405 parabola
500 2306 546 2378 de
574 2306 753 2402 epulone,
782 2332 817 2384 et
847 2310 914 2382 La.

17 2453 117 2501 zaro.
161 2425 194 2496 S.
218 2404 410 2498 Anselmus
436 2423 612 2511 ostendit,
632 2429 819 2521 quomodo
838 2453 914 2497 om·

20 2571 86 2617 nes
114 2542 245 2615 divitiae
270 2541 390 2621 saeculi,
412 2540 544 2613 divitiae
571 2541 765 2636 iniquitatis
794 2522 914 2641 appelss

20 2661 84 2737 lari
111 2658 273 2757 possint:
319 2690 341 2742 rs
352 2656 467 2749 Quia,
495 2657 544 2729 ait
570 2655 631 2746 a),
664 2684 745 2730 cum
777 2686 797 2731 a
824 2659 913 2733 Deo

21 2806 90 2877 pro
116 2774 282 2848 omnibus
309 2774 375 2845 sint
398 2794 540 2860 creatae,
568 2775 632 2846 has
651 2776 715 2846 fibi
736 2779 913 2865 nonnulli,

21 2894 186 2995 quamvis
212 2893 305 2965 iusto
333 2893 479 2978 labore,
518 2890 638 2987 iniqua
657 2913 789 2965 tamen
815 2895 914 2991 cupi·

22 3015 133 3087 ditate
167 3031 403 3106 congregant3
443 3028 479 3078 et
508 3033 594 3101 quas
620 3012 707 3081 nulli
731 3011 914 3104 tribuunt,

23 3132 86 3207 has
143 3126 384 3221 indigentibus
437 3125 709 3218 quodammodo
754 3131 913 3217 tollunt,

29 3251 118 3323 dum
140 3272 198 3321 eas
216 3245 254 3317 in
277 3268 378 3317 usum
398 3266 521 3313 eorum
541 3242 663 3314 venire
688 3267 762 3313 non
788 3244 913 3320 srnunt.

27 3366 129 3439 Lleet
152 3389 237 3459 ergo
263 3362 382 3450 iustis,
409 3351 454 3433 ut'
472 3360 604 3433 dictum
631 3380 703 3448 est,
729 3361 916 3435 laboribus
996 3446 998 3453 ¹

28 3480 230 3579 acquisitae,
273 3485 332 3555 vel
367 3479 403 3552 in
440 3477 655 3575 patrimonio
689 3505 708 3551 a
743 3480 918 3574 religiosis

28 3596 242 3699 parentibus
267 3616 436 3694 acceptae:
465 3608 584 3669 tamen
610 3598 741 3671 divitiae
769 3608 920 3686 iniquita·

32 3731 72 3791 tls
106 3718 214 3802 lunt,
249 3714 335 3810 quia
372 3715 535 3811 iniquum
572 3734 643 3800 est,
683 3712 720 3781 id
758 3706 832 3797 est,
873 3711 920 3780 ab

33 3831 212 3933 aequitatis
237 3835 358 3926 regula
386 3833 616 3917 discordans,
650 3847 690 3900 ut
716 3826 805 3903 alius
833 3827 920 3899 divi-

36 3952 94 4023 tiis
121 3947 409 4045 superabundet,
437 3950 524 4023 alius
550 3968 667 4021 autem
695 3966 808 4042 egeat.-
858 3944 923 4019 De

66 4092 106 4165 e)
124 4096 203 4153 Hom·
225 4095 297 4157 XII.
313 4110 341 4168 p.
364 4105 423 4169 184.
