2438 4566
414 319 648 339 m*

891 304 967 375 409
1040 313 1043 317 ’
1093 320 1099 325 ’
1153 380 1156 399 ,

90 445 234 521 tantum
263 424 474 515 miraculum
506 453 633 503 eorum
667 427 803 503 animos
837 435 971 528 percel-
993 426 1133 506 Cam

84 548 191 635 lere,
212 564 333 642 atque
359 545 397 618 in
420 546 560 620 diversa
590 545 824 642 cogitationes
849 546 971 621 distra·
1018 549 1090 611 cvl.

89 663 191 749 here·
248 663 317 736 Sed
338 687 360 735 o
381 647 605 760 portentum!
630 663 754 755 timent
771 662 972 753 Romanos,
990 665 1133 727 “W

87 779 156 879 qui
184 778 253 853 iam
279 781 456 876 sceptrum
481 779 673 866 tenebant,
710 767 785 853 hon
815 783 973 854 auferen-

86 894 205 984 'dum,
246 898 365 969 donec
402 888 525 970 veniat
559 897 730 971 Messias*
753 899 972 997 exspectatio

88 1013 275 1117 gentium:
311 1014 395 1112 quia
421 1012 547 1086 timent
571 1013 791 1090 aRomanis
820 1014 897 1087 tolli
923 1018 981 1087 lo·

90 1155 176 1204 cum
199 1132 301 1204 suum
321 1157 362 1205 ac
390 1150 554 1226 gentem,
593 1130 777 1228 parricidae
802 1133 976 1208 occidunt

90 1246 297 1323 Christum!
326 1247 459 1320 tollitur
484 1250 584 1320 locus
613 1267 647 1323 et
672 1274 785 1342 gens,
812 1275 977 1345 regnum·

89 1390 164 1462 que
194 1363 344 1439 Messias
374 1363 530 1440 defertur
561 1363 607 1435 ad
637 1384 784 1459 gentes,
824 1391 977 1461 regnum

91 1481 231 1554 Christi
254 1478 414 1576 exsurgit
438 1506 504 1577 per
526 1479 601 1557 eius
626 1499 778 1552 mortem
802 1499 978 1578 tempora·

90 1601 164 1672 lem
187 1598 282 1694 apud
307 1616 449 1693 gentes,
477 1597 606 1694 quibus
634 1596 703 1694 ipsi
725 1598 876 1670 subactis
903 1601 978 1695 lpe·

89 1716 218 1789 rabant
252 1714 498 1789 stabiliendum
529 1715 565 1785 in
599 1715 666 1786 hac
701 1715 797 1802 vita,
835 1714 873 1789 iu
905 1716 977 1814 hoc
1092 1785 1097 1792 .

90 1832 233 1915 mundo
264 1831 433 1903 thronum
460 1829 585 1904 David
614 1851 803 1904 terrenum.
854 1842 902 1904 Ab
923 1840 1000 1931 ilo·

90 1977 164 2034 ergo
181 1959 235 2020 ‚die
253 1961 470 2034 cogitauerunt
486 1955 652 2034 interficere
672 1948 873 2035 Christum,
898 1947 978 2021 Cai-
1030 2011 1034 2020 .
1078 1947 1079 1951 ¹

90 2065 175 2162 phac
216 2065 476 2139 concordantes
516 2064 696 2137 sententiae
738 2090 778 2140 ac
816 2066 978 2139 iudicio:

90 2180 197 2278 quod
215 2180 318 2252 toties
337 2200 529 2254 renovatur
548 2204 674 2256 contra
687 2181 881 2255 Ecclesiam
901 2207 979 2278 reg·

90 2323 181 2378 trum
204 2297 336 2370 Christi
359 2297 398 2370 in
424 2294 543 2384 terris,
580 2298 720 2392 quoties
749 2299 866 2372 eidem
891 2323 979 2394 prae-

91 2435 280 2512 ponuntur
302 2414 493 2487 commoda
513 2415 614 2510 regni
637 2413 789 2500 terreni,
816 2416 978 2512 specioso

91 2530 186 2606 boni
214 2531 350 2626 publici
372 2529 497 2618 titulo,
536 2532 582 2610 sc.
597 2560 659 2621 pro
683 2541 823 2622 populo,
864 2555 912 2619 et,
943 2561 980 2605 nc

93 2669 165 2722 tota
185 2677 259 2734 gens
278 2669 400 2738 pereat.
463 2647 567 2739 Quae·
585 2646 652 2720 fuit
682 2648 841 2722 omnium
864 2673 982 2745 perse-

94 2763 282 2850 cutionum
308 2783 342 2838 et
371 2763 757 2871 malorumlreligionis
782 2765 977 2839 christianae

92 2908 203 2956 causa
221 2881 308 2957 foris
334 2880 553 2969 Ecclesiam,
581 2902 616 2953 et
642 2882 736 2953 intus
762 2900 861 2955 tanto
889 2884 980 2979 peri·

94 2998 273 3085 culosior,
301 3024 373 3094 quo
396 2998 559 3071 latentior
582 2999 771 3094 prudentia
793 3000 897 3074 huius
921 3004 979 3074 lae·

95 3116 169 3192 culi
195 3134 309 3202 tecta,
347 3135 453 3218 atque
483 3115 768 3210 amphipolitices
798 3116 979 3189 habilitate

95 3233 196 3325 malis
223 3224 378 3305 consiliis
405 3231 542 3308 bonum
569 3250 782 3329 praetextum
810 3231 982 3331 affingen⁴

96 3352 172 3439 d0;
199 3351 295 3423 haud
318 3375 397 3421 raro
421 3348 524 3421 etiam
548 3375 584 3422 se
607 3350 722 3446 ipsum
748 3349 986 3448 decipiendo,

96 3468 186 3541 dum
216 3466 323 3544 unico
354 3465 545 3540 christiano
572 3450 646 3540 fine
684 3467 809 3540 ultimo
839 3468 982 3564 postha-

92 3581 200 3672 bito,
235 3603 296 3658 aut
325 3610 399 3657 non
431 3603 590 3672 attento,
625 3589 720 3660 solus
753 3583 980 3680 temporalis,
1007 3617 1012 3625 ·

95 3687 235 3775 bonum
255 3727 320 3776 ceu
343 3702 527 3798 publicum
552 3704 748 3800 spectatur,
776 3722 837 3776 aut
861 3701 920 3773 ille
939 3701 987 3794 in

96 3844 275 3892 concursu
305 3823 363 3891 vel
394 3820 579 3892 collisione
612 3819 694 3891 huic
725 3818 976 3914 postponitur,
1056 3812 1059 3818 ’

95 3939 198 4034 quod
221 3937 374 4009 maxime
391 3937 465 4010 fieri
483 3935 644 4037 proclivo
667 3954 719 4010 est
736 3935 865 4026 hodie,
890 3936 975 4026 dum
