2438 4566
304 289 348 340 ιο
444 328 462 359 ¹.

622 298 854 311 *¹¹*
886 300 895 320 .-

155 413 269 479 ὓΔΡΰΤ
297 404 511 503 Hieremiam
541 409 819 511 pronunciarat:
860 420 936 485 Ecce
968 439 1023 501 ego
1051 423 1177 489 mittam

163 530 254 590 XXX
289 522 462 626 piscatores
480 524 614 618 multos,
634 551 665 602 rr
674 539 880 620 piscabuntur
898 538 987 619 illos,
1010 530 1175 607 homines

142 648 434 741 wicilicet.
486 647 658 744 Denique
679 656 793 718 relictis
813 657 967 748 naviculis
979 657 1086 737 secuti
1095 658 1176 741 sunt

295 799 382 856 enm,
400 769 514 865 ipsum
524 764 778 862 intelligentes,
797 764 859 862 qui
876 771 1033 863 coepera't
1048 767 1176 858 facere,

294 886 397 984 quod
421 884 623 966 edixerat,“·

366 1118 463 1193 Duae
486 1116 734 1199 describuntur
755 1113 969 1216 piscationes
990 1116 1178 1194 miraculo·

291 1263 363 1324 sac,
388 1235 561 1335 mysteriis
589 1237 747 1325 refertae,
775 1240 889 1320 altera,
908 1237 992 1312 Luc.
1020 1237 1067 1309 V.
1096 1258 1176 1312 ante

291 1355 613 1442 resurrectionem,
653 1357 761 1427 altera
794 1355 921 1429 Joann.
953 1355 1062 1428 XXI.
1096 1375 1179 1455 post

291 1471 610 1560 resurrectionem,
637 1471 736 1544 cuius
757 1471 975 1575 inl-Ecclesia,
994 1476 1098 1554 lectae
1121 1499 1177 1547 oc·

293 1590 437 1663 casione
461 1590 492 1662 S.
514 1580 740 1685 Augustinus
770 1591 888 1687 plures
912 1591 1095 1677 sermones
1119 1590 1175 1661 ha·

245 1699 248 1703 ⁸
291 1707 372 1780 buit
397 1708 435 1778 in
463 1705 590 1787 diebus
618 1705 843 1814 paschalibus
868 1708 1073 1791 asermone
1094 1715 1176 1794 248.

131 2549 203 2608 Petri
216 2565 262 2606 naq

130 2633 228 2691 vitula.

293 1849 409 1919 usque
440 1823 485 1894 ad
514 1841 596 1910 253.
624 1848 698 1918 quo
730 1824 858 1911 eodem
887 1843 945 1923 est
966 1823 1174 1907 referendus

291 1940 407 2012 sermo
436 1940 481 2020 de
503 1928 810 2028 ovibusChristi,
836 1959 919 2052 post
939 1940 1178 2050 piscationem

289 2056 386 2129 illam
410 2055 596 2146 ultimam,
625 2057 733 2144 Petro
764 2058 810 2144 ad
833 2058 1054 2154 pascendum
1081 2083 1174 2130 com·

289 2174 404 2248 missis
429 2175 519 2251 trina
541 2173 845 2268 interrogatione;
875 2186 965 2245 Perre
989 2202 1081 2253 omas
1102 2182 1172 2245 me?

289 2301 378 2362 amas
401 2319 448 2362 me
468 2301 542 2381 plus
564 2299 648 2377 his?
687 2309 726 2380 ut
747 2289 986 2378 dubitandum
1012 2315 1088 2362 non
1111 2288 1171 2377 fit‘,

291 2407 474 2482 Christum
498 2407 709 2509 fingularem
727 2405 830 2495 ovilis
849 2408 900 2495 sui
926 2434 1044 2494 curam
1064 2406 1172 2480 Petro

291 2527 513 2616 committere
543 2508 711 2600 uoluisse.
763 2526 805 2597 In
835 2526 947 2622 prima
976 2524 1082 2596 etiam
1108 2523 1174 2622 pis·

288 2645 428 2731 catione
456 2669 538 2731 cum
565 2643 712 2731 vidisset
730 2633 941 2731 ,Iesussduas¹
964 2668 1099 2730 naves,
1127 2671 1173 2714 os·

288 2771 412 2833 cendens
430 2772 464 2831 in
483 2787 578 2844 unam
605 2769 735 2843 navim,
763 2785 826 2848 quae
855 2781 924 2830 erat
948 2768 1099 2848 Simonis,
1126 2787 1173 2830 ro·

282 2889 377 2964 gavit
400 2903 470 2947 eum
491 2902 513 2945 o
533 2894 617 2945 terro
639 2884 779 2945 reducere
793 2885 955 2964 pusillum.
1005 2886 1050 2947 Et
1060 2886 1170 2966 sedens

284 3002 412 3067 docebar
437 3001 475 3063 de
499 2999 647 3063 navicula
673 3000 780 3061 turbas
807 2986 857 3082 a).
922 2991 1047 3075 Veluti
1077 2976 1171 3067 facto

287 3110 506 3222 etexemplo
526 3108 590 3179 suo
612 3117 919 3203 commonstrans,
947 3110 1066 3206 quid
1055 3139 1093 3183 ιη
1113 3138 1175 3186 na·

285 3227 402 3300 vicula
421 3225 514 3298 Pet
474 3245 517 3303 tn
538 3225 687 3314 ecclesia
708 3227 763 3300 fut
750 3245 866 3306 turum
893 3247 1001 3315 esset,
1029 3255 1071 3302 ac
1089 3229 1172 3304 faci·

286 3345 419 3417 endum
440 3369 460 3421 a
480 3342 611 3433 Petro,
641 3342 816 3440 eiusque
805 3344 907 3432 sociis
928 3345 1171 3442 piscatoribus

281 3461 481 3537 hominum.
539 3469 581 3561 Ut.
601 3475 734 3533 cessavit
759 3485 864 3534 autem
889 3443 973 3555 loqui
986 3520 995 3551 ,
1019 3475 1105 3537 dixit
1127 3476 1173 3539 ad

282 3590 455 3650 Simonem:
482 3583 551 3649 Duc
573 3589 606 3655 in
629 3588 751 3666 ultum,
780 3600 811 3652 et
832 3589 939 3653 laxate
959 3592 1040 3652 retia
1057 3605 1168 3654 vestro

281 3710 315 3768 in
345 3716 519 3785 capturam.
571 3695 670 3767 ldem
707 3716 759 3769 est
792 3699 892 3787 hoc,
931 3699 1030 3788 quod
1071 3701 1170 3798 apud

281 3813 501 3888 Matthaeum
534 3832 569 3887 et
596 3813 770 3888 Marcum
798 3816 911 3889 dicit:
962 3828 1068 3889 Venire
1093 3839 1170 3911 post

325 3963 357 4042 c)
378 3963 440 4023 Luc.
467 3961 501 4020 V·
525 3975 553 4035 3.
