2438 4566
232 295 303 367 260
555 280 792 353 -''·-!-''-⁴‚

86 443 202 506 Carvr
308 439 409 514 Dum
428 465 516 513 vero
534 440 631 538 apud
649 439 868 514 Matthaeum
889 439 1021 518 melius
1040 470 1114 520 esse

73 559 361 632 Lxxvffldicimr
394 557 624 645 abscindere,
665 578 700 630 et
733 558 908 655 proiicere
943 588 1108 651 manum,

69 683 211 738 “ts“
233 678 383 776 pedem,
416 678 583 762 oculum,
619 674 681 770 qui
704 676 941 766 scandalizat,
975 677 1014 750 id
1042 700 1106 767 est,

64 800 207 863 Poenarum
233 795 296 891 qui
315 818 399 866 ansa
417 813 452 864 et
471 791 613 865 occasio
634 812 686 864 est
705 792 898 889 peccandi,
917 821 1017 885 quam
1036 806 1107 869 duas

65 889 204 946 “emita''
231 912 341 984 manui
359 931 415 983 eto
437 919 596 995 habentem
617 919 703 979 mitti
722 922 755 979 in
776 922 876 996 ignem
893 887 1036 984 imnum
1055 908 1104 1002 o),
1136 1004 1138 1011 Ι

230 1031 290 1104 vei
312 1039 345 1097 in
359 1037 527 1112 gehennam
540 1038 641 1137 jgnis,
664 1051 709 1096 ne
727 1025 785 1098 cui
802 1026 839 1097 in
856 1043 1015 1100 mentem
1032 1053 1103 1102 cum
1134 1054 1138 1145 q

230 1143 389 1238 Origene
408 1141 529 1216 veniat
547 1139 724 1216 dubitatio
742 1142 788 1214 de
807 1144 1003 1217 aeternitate
1021 1144 1101 1241 ignis

227 1260 404 1334 infernalis
425 1258 728 1355 inextinguibilis,
757 1278 867 1358 prout
892 1259 1032 1334 Matth.
1045 1259 1098 1333 HL

232 1403 288 1452 12.
309 1379 524 1474 appellatur,
546 1395 718 1473 putetque
736 1375 925 1472 benignius
942 1377 1099 1476 interpre-

229 1496 373 1570 tandam
404 1493 633 1566 aeternitatem
659 1518 734 1565 non
762 1493 1036 1589 sempiternam,
1065 1493 1099 1566 id

229 1634 306 1700 est,
342 1614 481 1707 semper
510 1634 550 1682 ac
573 1607 644 1681 fine
674 1609 746 1681 fine
775 1610 1004 1698 duraturam,
1032 1637 1097 1708 per·

227 1731 386 1828 pendat,
424 1721 521 1823 apud
548 1716 719 1800 Marcum
747 1751 821 1798 non
850 1729 965 1800 solum
991 1728 1097 1825 ignem

228 1847 334 1919 istum
368 1843 438 1916 dici
475 1841 815 1938 inextinguibilem,
846 1870 973 1917 verum
1005 1845 1096 1918 etiam

142 1950 147 1962 ⁸
226 1961 312 2035 addi
333 1956 394 2052 b):
429 1969 484 2031 Ubi
501 1971 615 2032 vermis
635 1988 738 2032 eorum
760 1975 990 2049 unammiter,
1014 1973 1095 2046 etig-

227 2092 275 2149 nis
302 2106 361 2148 non
386 2090 588 2163 eatiagu'itur⁶
656 2076 768 2174 quue
790 2083 848 2150 ter'
868 2079 915 2150 ad
939 2079 1094 2155 maiorem

229 2193 462 2268 attentionem
482 2192 703 2266 excitandam
715 2195 924 2282 ,fortiorem
939 2196 977 2268 in
991 2215 1094 2269 mente

227 2311 499 2410 impressionem
520 2308 740 2398 faciendam,
767 2312 969 2407 graviorem
998 2334 1093 2388 terro

227 2448 301 2502 rem
342 2428 623 2515 incutiendum,
656 2448 709 2501 ter
744 2428 891 2525 inquam
926 2429 1091 2528 repetitur.

228 2531 354 2635 „Non
383 2572 486 2633 eum,
520 2546 600 2617 sunt
627 2545 736 2620 verba
764 2546 796 2618 S.
824 2546 1018 2642 Augustini
1044 2541 1091 2634 c),

210 2664 347 2760 *p1guit
373 2688 447 2735 uno
473 2665 557 2736 loco
585 2663 709 2735 eadem
746 2664 857 2737 verba
881 2685 934 2737 ter
968 2665 1091 2738 dicere:

227 2804 335 2874 quem
367 2803 441 2850 non
470 2798 596 2850 terreat
626 2777 692 2850 ista
721 2781 907 2877 repetiti0,
946 2801 983 2856 et
1003 2777 1093 2864 ¹illius

225 2918 335 2990 paenae
360 2892 588 2965 comminatio
618 2897 905 2971 tam'vehemens
929 2917 994 2971 ore
1018 2893 1091 2970 divi·

225 3011 354 3083 no?“v
394 3007 484 3080 'Nec
510 3008 614 3082 etiam
641 3009 757 3108 piguit
784 3013 1027 3088 &doctorem
1044 3012 1091 3084 in·

225 3149 340 3224 aegras
386 3125 518 3200 ibidem
561 3128 635 3200 ilias
677 3148 744 3201 tres
780 3132 1089 3214 comminationes,

225 3245 428 3338 Christique
449 3245 567 3316 aeterni
586 3245 712 3318 iudicis
734 3248 940 3320 sententiam
964 3275 1042 3322 eum
1059 3245 1090 3316 in

222 3362 332 3437 finem
355 3359 525 3447 adiicere3
552 3362 757 3435 sententiam
784 3363 929 3458 inquam
952 3363 1089 3462 perinde

223 3479 321 3554 claris
347 3476 474 3549 verbis·
494 3503 718 3574 expressam,
747 3499 782 3551 et
805 3462 991 3576 apertam,
1016 3500 1052 3556 ut
1071 3504 1089 3550 a
1133 3496 1137 3553 ἑ

221 3596 363 3669 nemine
396 3592 462 3678 nisi
495 3593 677 3668 Christum
714 3597 898 3670 veritatem
934 3620 1089 3687 aeternam

221 3714 507 3810 blasphemante,
532 3699 724 3810 quidquam
746 3714 885 3811 opponi
906 3714 1100 3791 incontra.

262 3885 414 3974 uidimus,
439 3889 551 3976 XVIH.
576 3907 601 3957 8.
722 3897 751 3971 a)
773 3892 940 3959 {ism-JK
965 3919 1010 3970 42·
1038 3920 1042 3930 .
1131 3886 1138 3931 ἰ

303 3981 332 4054 e)
350 3979 388 4034 De
403 3979 482 4035 civit.
499 3980 548 4035 Dei
558 3979 601 4042 tit.
616 3980 696 4043 XXI.
708 4001 730 4039 c.
743 3999 766 4051 9,
783 4001 808 4040 n.
827 3999 850 4044 t.
869 3984 900 4040 T.
915 3984 983 4050 Vll,
995 4000 1022 4058 p.
1034 3977 1084 4053 63'0.
1132 3996 1138 4037 :
