2574 4682
842 371 911 444 ¹97

54 499 203 599 protinus
236 499 380 573 diceus:
420 511 531 573 Adrus
567 522 673 574 autem
711 522 743 576 et
776 513 912 572 mamam
935 498 1050 562 ΒΑΜ
1092 523 1104 546 ·

46 629 133 710 suun
149 615 196 708 a).
247 618 378 691 Odisse
398 617 518 714 itaque
543 618 771 716 praecipimur
797 619 915 715 proxi·
942 617 1041 674 Dm·

46 737 141 822 mos,
166 734 282 807 odisse
307 757 343 808 et
364 735 514 808 animam
542 757 707 809 nostram.
759 735 912 810 Constat
927 731 1070 796 “W

54 876 128 946 ergo
148 850 229 948 quia
250 852 406 924 amando
427 851 534 925 debet
553 854 669 926 odisse
690 853 913 952 proximum,

50 969 104 1066 qui
121 968 163 1040 fic
188 995 270 1042 eum
292 969 387 1056 odit,
413 970 501 1043 sicut
526 970 758 1067 semetipsum.
801 970 913 1044 Tunc

52 1084 165 1157 etenim
182 1086 276 1158 bene
300 1107 454 1159 nostram
475 1085 627 1160 animam
645 1087 806 1174 odimus,
829 1113 913 1160 cum

17 1257 18 1260 ,
52 1201 113 1274 eius
132 1203 327 1296 carnalibus
349 1203 533 1278 desideriis
550 1231 625 1277 non
642 1204 911 1301 acquiescimus,

52 1345 121 1391 cum
141 1319 214 1392 eius
235 1320 433 1418 appetitum
452 1320 664 1416 frangimus,
688 1322 762 1394 eius
784 1325 913 1418 volup-

51 1437 165 1508 tatibus
189 1440 412 1510 reluctamur.
451 1435 543 1530 Quae
566 1451 651 1532 ergo
672 1457 849 1510 contemta
864 1439 912 1510 ad

50 1554 158 1626 melius
183 1554 351 1641 ducitur,
388 1553 488 1649 quasi
517 1580 584 1650 per
612 1553 737 1624 odium
765 1554 909 1627 amatur.

51 1668 96 1741 Sic
116 1670 276 1742 nimirum
298 1670 466 1750 exhibere
489 1670 663 1768 proximis
684 1670 814 1743 nostris
836 1671 914 1744 odit

51 1783 284 1858 discretionem
311 1787 505 1876 debemus,
540 1787 639 1860 utin
664 1787 714 1859 eis
735 1807 771 1860 et
791 1785 915 1883 diliga-

47 1927 129 1990 mus,
156 1904 257 1998 quod
280 1904 378 1992 sunt,
406 1924 441 1980 et
465 1905 657 1981 habeamus
679 1905 786 1992 odio,
810 1904 913 2002 quod

48 2016 76 2088 in
92 2019 161 2092 Dei
180 2020 284 2092 nobis
302 2019 424 2098 itinere
441 2022 629 2108 obsistunt.
641 2025 664 2062 “
706 2023 740 2097 S.
757 2024 911 2096 Lauren·

17 2225 18 2238 ἵ
48 2135 102 2208 tius
113 2137 326 2210 Justinianus
338 2135 375 2208 in
391 2137 483 2212 libro
500 2150 538 2212 dc
558 2162 644 2212 costo
664 2151 809 2218 conubio
824 2151 912 2214 verbi

17 2313 18 2322 ,
49 2272 72 2321 et
94 2267 195 2324 arrimae
224 2278 291 2324 nos
315 2254 432 2326 verbis
458 2256 514 2327 his
543 2253 702 2329 Christi:
743 2268 811 2330 Non
836 2269 911 2329 veui

47 2395 136 2455 parem
154 2383 277 2441 mittere
284 2378 348 2458 sed
361 2381 502 2456 gladium
524 2373 570 2443 ad
593 2373 800 2468 spiritualem
822 2400 910 2469 pug·
930 2409 943 2432 ·

49 2509 114 2557 nam
142 2485 278 2560 anirnat
304 2513 381 2582 cap.
413 2497 448 2563 8.
486 2539 508 2573 „
524 2488 730 2561 Concitavit
753 2490 909 2575 bellum,

49 2598 220 2699 inquito),
244 2625 285 2678 ut
300 2607 503 2708 separentur
525 2605 570 2680 ab
591 2603 766 2690 invicem,
790 2604 851 2698 qui
872 2631 910 2676 se

49 2716 231 2794 inordinate
274 2723 451 2818 diligunt:
504 2741 544 2797 ut
573 2739 697 2793 contra
727 2720 812 2792 vitia
842 2747 911 2818 pro

49 2859 148 2912 amore
164 2839 337 2914 virtutum
355 2838 540 2927 dimicent,
560 2838 624 2938 qui
642 2837 758 2935 ipsum
778 2838 909 2912 habere

48 2976 245 3054 peroptant:
272 2977 312 3028 ut
331 2956 537 3061 temporalia
556 2983 623 3054 pro
645 2956 783 3029 aeternis
808 2957 911 3028 relin-

48 3093 158 3162 quant,
198 3072 261 3168 qui
285 3074 455 3150 felicitatis
477 3075 635 3170 supernae
663 3073 810 3169 cupiunt
834 3101 911 3148 esse

49 3189 231 3287 participes.
296 3190 338 3261 In
360 3189 471 3264 stadio
496 3215 565 3261 nos
588 3189 792 3276 constituit,
823 3216 911 3286 pug-

19 3306 407 3414 nandinecessitatem
435 3305 588 3392 indixit,
620 3304 817 3378 certaminis
846 3333 910 3380 no·

47 3421 94 3490 stri
123 3451 162 3496 se
203 3424 356 3496 iudicem
397 3421 505 3511 fecit,
546 3422 705 3499 vincenti
742 3449 916 3498 coronam

49 3541 219 3638 proposuit
242 3537 307 3614 etc.
323 3545 345 3581 ‘⁶
520 3545 522 3551 ’

19 3681 20 3696 '
79 3705 359 3780 t)luc.X1V.26.
448 3709 477 3785 ι)
507 3708 585 3765 ar.
619 3711 678 3778 opp.
703 3715 816 3777 pru.

212 3935 728 3967 um-
