2438 4566
320 286 389 364 158
636 247 868 326 -ἔ-“-“-““-““-

175 422 289 482 ΟΜ
522 409 825 508 CAPUT
883 409 978 507 LX.

158 543 300 716 222
443 610 1059 697 DAEMONURGIA.

317 806 497 911 Quomodo
530 806 643 903 polest
676 795 858 902 quisquam·
887 803 1030 884 intrare·
1063 813 1099 886 in'
1120 811 1167 887 do.
1207 818 1211 899 ζ

372 958 468 1009 mum
485 922 617 1026 fortis,
648 946 682 1009 et
710 959 795 1009 vasa
818 940 888 1010 eius
913 937 1090 1034 diripere,
1112 941 1166 1015 nisi

367 1066 470 1161 prius
497 1064 699 1159 alligaverit
715 1058 850 1159 fortem
866 1061 886 1138 l
929 1063 973 1141 Et
1002 1079 1091 1143 tunc
1116 1069 1167 1144 do·
1201 1056 1211 1123 ’ἶ

372 1212 473 1282 mum
502 1192 594 1268 illius
620 1193 774 1291 diripiet.
827 1183 958 1269 lllattlr.
982 1192 1074 1275 Xll.
1094 1217 1143 1288 29.

554 1401 946 1416 m

171 1618 268 1674 Nostra
313 1524 384 1662 A
412 1590 488 1690 pari
516 1591 587 1663 hoc‘
618 1574 725 1675 dicit,-
761 1575 1008 1686 profertque
998 1612 1092 1666 mter
1118 1592 1211 1669 alia

169 1701 285 1770 43111ΡΝ
310 1728 519 1804 argumenta
552 1711 675 1777 contra
708 1706 848 1777 ludaeos
877 1698 1211 1804 blasphemantes,
1203 1772 1206 1777 .

167 1800 249 1840 ”⁰⁸
314 1822 536 1898 Christum
527 1849 563 1892 in
596 1813 797 1894 Beelzebub
830 1823 956 1897 eiicere
986 1827 1167 1910 daemonia,

311 1943 403 2012 hanc
440 1938 724 2024 similitudinem,
768 1966 847 2034 quee
887 1933 1097 2038 explicatior
1131 1959 1171 2016 est

310 2057 397 2129 Luc.-
420 2048 484 2128 XI.
513 2071 570 2128 21'.
596 2077 658 2127 etc.
691 2055 764 2127 Ubi
789 2058 891 2128 status
916 2059 1063 2131 humani
1082 2085 1172 2157 gene·

311 2175 358 2247 ris
388 2172 673 2246 antechristum
704 2174 931 2245 adumbratur
960 2175 1015 2248 his
1040 2178 1171 2249 verbis:

316 2304 388 2362 Cum
408 2291 508 2380 fortis
535 2312 673 2361 armatus
705 2301 838 2361 custodit
867 2289 983 2362 utrium
999 2301 1118 2381 serum,
1148 2304 1173 2363 iu

305 2417 479 2502 patefient
504 2436 562 2494 ea,
589 2421 653 2498 que
673 2418 820 2498 possidet.
884 2417 916 2476 Si
943 2431 1048 2480 autem
1065 2420 1173 2525 fortior
1204 2436 1211 2551 p

310 2546 345 2602 'ro
357 2536 576 2618 superveniens
601 2533 710 2595 vicerit
734 2541 820 2608 eum,
846 2515 989 2594 universa
1012 2554 1103 2597 orma
1121 2540 1173 2598 eius
1205 2520 1211 2615 ξ

309 2656 448 2734 auferet,
475 2651 638 2733 inquibus
666 2649 849 2727 confidebat,
875 2649 1027 2732 etsporo
1051 2657 1117 2715 eius
1138 2653 1172 2714 di·
1205 2656 1211 2683 ¹

307 2771 445 2832 strideret.
506 2758 613 2828 Absit
639 2776 678 2826 ut
704 2757 922 2851 comparatio
950 2756 1110 2831 instituta
1131 2757 1174 2831 vi·

252 2916 257 2927 ·
308 2877 433 2944 deatur
461 2874 551 2942 inter
582 2873 777 2943 daemonem
808 2875 957 2962 fortem,
995 2899 1036 2946 ac
1064 2875 1173 2973 fortio-
1206 2908 1211 2915 ·

306 3017 381 3061 rem
411 3015 454 3060 eo
483 2989 787 3085 supervenientem
818 2991 1009 3063 Christum.-
1067 2994 1174 3080 „For-
1209 3046 1211 3053 -

305 3127 375 3179 tem
389 3107 621 3180 autemillum
640 3104 812 3205 appellat,
835 3108 951 3204 inquit
972 3103 1005 3179 S.
1027 3109 1174 3208 Chryso·

303 3242 484 3315 stomusu
465 3222 523 3315 o,)
548 3252 622 3296 non
644 3228 743 3321 quod
763 3247 886 3297 natura
907 3225 983 3299 talrs
1006 3227 1057 3298 fit
1109 3225 1211 3298 Aba

303 3344 369 3430 sit,
395 3345 456 3415 sed
482 3341 637 3438 priorem
663 3344 859 3438 significans
888 3344 1114 3438 tyrannidem
1135 3365 1173 3416 ex
1208 3372 1211 3408 :

302 3452 515 3571 negligentia
537 3473 656 3532 nostra
683 3457 875 3531 stabilitam.
892 3461 913 3495 “
964 3449 1013 3531 Et
1040 3461 1073 3533 S.
1107 3461 1172 3532 Au·

303 3578 491 3674 gostinus,
522 3575 659 3670 „quia,·
693 3571 891 3670 inquito),
928 3564 985 3648 ille
1014 3579 1211 3663 tenebat,:

236 3789 237 3792 Ἴ
301 3722 347 3766 ne
373 3713 519 3791 possent
542 3691 678 3766 viribus
700 3691 771 3762 luis
796 3693 843 3792 ab
865 3691 927 3764 illo
955 3713 995 3765 se
1016 3696 1175 3767 homines

344 3879 374 3955 a)
407 3879 481 3933 nom.
509 3877 600 3936 terr.
626 3840 655 3930 ai
676 3864 774 3934 Maera.
806 3882 831 3931 a.
857 3863 880 3941 ξ.
915 3864 944 3932 Τρ
974 3879 1043 3938 Vre.
1066 3895 1095 3952 p.
1118 3895 1174 3950 447.

388 3965 417 4036 lt)
439 3963 494 4017 Lib.
517 3961 541 4015 1.
564 3961 662 4031 Quart.
689 3961 787 4030 Evang,
813 3970 897 4032 quest.
923 3975 947 4028 ς.
