2574 4682
854 377 917 446 ¹5¹

50 503 192 576 dium·“
270 489 581 574 Poenitentiam'S.
612 485 768 578 loannes
801 523 835 576 et
854 493 924 576 'ore
958 503 1072 567 CAPUT

50 617 294 705 denuntiavit,
331 639 365 690 et
390 620 590 694 austeritate
611 621 694 692 vitae
728 647 838 718 opere
869 621 927 693 de·
963 623 1063 679 LVffl·
1165 717 1167 726 ,

50 735 280 809 monstravit:
327 737 424 808 unde
464 737 537 809 eius
563 735 649 809 'vita
681 735 927 840 lamentationi
945 737 1084 812 W*

49 853 276 939 assimilatur3
307 847 439 925 Cantui
456 852 596 926 'Christi
610 853 708 941 ¹vita,
737 855 797 954 qui
819 853 930 926 suavi-

52 988 102 1040 ter
117 997 228 1056 voce,
258 989 293 1040 et
313 969 504 1042 benefactis
528 995 652 1042 omnes
677 971 721 1042 ad
744 970 932 1071 suscipiere

55 1087 131 1160 dum
161 1085 402 1182 Evangelium
432 1086 550 1182 gratiae
569 1096 590 1174 ,'
620 1086 813 1184 tripudium
843 1088 926 1160 vitre

49 1202 223 1289 coelestis,
260 1203 480 1298 provocavit.
559 1203 716 1288 „Sermo
748 1201 899 1278 Domini
912 1189 927 1293 ¹,

47 1322 121 1392 lunt
141 1319 258 1392 verba
279 1319 311 1390 S.
334 1317 538 1408 Basilii‘o),
567 1320 627 1414 qui
646 1321 813 1394 advitam
833 1342 929 1393 aeter·

49 1461 140 1521 nam,
172 1455 209 1506 et
233 1434 278 1504 ad
303 1434 498 1508 coelestium
522 1436 702 1508 bonorum
725 1437 932 1510 fruitionem

48 1549 192 1639 invitat,
218 1553 330 1622 melos
353 1572 445 1640 erat,
472 1551 517 1624 ad
541 1579 764 1624 numerosam
790 1553 929 1625 concin-

46 1693 194 1764 namque
224 1667 443 1755 motionem,
472 1695 539 1742 nec
568 1695 641 1740 non
674 1669 718 1741 ad
751 1667 930 1758 efficacem

46 1785 212 1885 virtutum
241 1785 486 1883 operationem
508 1787 638 1860 animas
665 1785 833 1864 excitans.
874 1787 933 1858 Jo-'
979 1869 986 1877 ¹

46 1902 140 2007 annis
170 1922 290 1974 autem
318 1903 544 1998 praedicatio,
573 1929 651 1999 quae
678 1904 928 1976 inobedientes

45 2016 117 2090 illos
151 2020 199 2090 ad
229 2019 473 2116 poenitentiam
503 2021 762 2108 convertebat,
799 2024 936 2096 lamen-'-

46 2153 112 2206 tum
143 2155 244 2221 erat,
274 2136 374 2233 quod
397 2127 567 2211 tristitiam
590 2137 801 2216 adsalutem
828 2137 928 2209 stabi-

45 2252 105 2322 lem
126 2249 357 2348 operabatur.
412 2253 525 2324 ludaei
549 2240 665 2333 autem
694 2274 842 2350 propter
868 2277 929 2325 cae·

47 2367 179 2440 citatem
203 2367 323 2440 cordis
344 2368 557 2465 deprehensi
581 2372 660 2440 sunt
684 2372 785 2441 nullis
807 2370 926 2442 verbis

46 2481 206 2580 benignis
227 2485 273 2557 ad
296 2484 406 2556 vitam
430 2485 607 2582 permoti,
627 2485 712 2580 quin
736 2509 801 2557 nec
824 2487 928 2557 etiam

46 2601 282 2697 asperioribus
300 2603 345 2674 ad
363 2603 607 2700 poenitentiam
628 2603 771 2673 adducti
789 2601 929 2673 luisse.“

46 2715 302 2813 Regidissimus
326 2737 400 2790 erat
422 2719 456 2794 in
478 2720 619 2794 deserto
638 2718 752 2792 'victus
774 2739 808 2790 et
824 2717 930 2790 vesti-

47 2850 94 2905 tus
114 2829 283 2922 loannis}
311 2835 382 2908 vita
399 2835 543 2909 'Christi
569 2863 648 2908 cum
671 2835 798 2915 Judaeis
820 2828 938 2914 socia,

45 2951 106 3021 lis:
151 2979 235 3025 cum
276 2948 344 3023 illis
384 2947 554 3042 bibebat,
596 2975 631 3047 et
667 2954 925 3041 manducabat,

47 3065 144 3139 etiam
165 3092 250 3142 cum
277 3069 477 3166 publicanis
506 3088 540 3141 et
565 3055 832 3165 peccatoribus,
861 3097 925 3142 nec

44 3181 299 3280 Pharisaeorum
325 3186 481 3258 bostium
504 3186 671 3258 convivia
694 3185 923 3272 abhorrebam

43 3321 77 3373 ut
107 3329 171 3375 eos
204 3301 266 3374 srbi
296 3291 525 3389 conciliaret,
553 3305 823 3398 allectaretqrre3
853 3305 926 3376 nul-

41 3421 105 3490 lam
135 3413 338 3515 praeteribat
366 3420 592 3493 occasionem
622 3417 817 3507 hortandi,
857 3414 929 3491 ani-¹

41 3536 184 3623 mandi,
220 3537 429 3609 instruendi.
504 3548 675 3615 cecinimus
701 3549 789 3609 uobis
815 3559 845 3606 ct
871 3563 930 3605 non

32 3662 184 3736 fizltastis.
257 3653 598 3743 „Provocavimus,
630 3682 710 3726 cum
743 3653 774 3722 S.
803 3650 929 3724 Hiero-

42 3796 148 3863 nymo
174 3769 210 3840 in
234 3771 268 3842 h.
288 3775 312 3842 l.
339 3763 492 3866 loquor,
520 3791 559 3844 ut
586 3773 631 3842 ad
660 3788 824 3875 nostrum
851 3797 929 3842 can-

41 3885 141 3959 ticum
166 3865 276 3960 bona‘
291 3915 398 3985 opera
428 3873 602 3976 laceretis,
632 3907 665 3958 et
684 3886 858 3960 'saltaretis
884 3886 929 3968 ad

80 4041 108 4110 n)
132 4039 163 4094 In
185 4039 263 4094 Jsuiae
288 4039 320 4094 V.
