2566 4680
348 303 581 358 ²²²¹*-
828 327 900 408 285

47 468 94 539 illa
109 483 222 538 textus
245 463 422 562 originalis
440 455 496 550 nir
513 448 638 564 ἔρῃ,
657 450 707 538 ἔτι
722 463 783 539 καὶ
797 469 904 541 Annii
929 467 1045 533 cim

46 581 109 681 ὑμῖν
127 582 289 654 verterit:
317 594 525 673 Principium,
546 598 601 674 qui
623 606 655 654 et
676 595 784 675 bquor
801 596 901 670 vobis,
909 588 1070 664 ῙιΧΧΧῙῙῙ,

47 725 112 795 quae
139 700 333 772 secundnm
363 725 466 770 usum
497 700 626 794 linguae
657 726 780 796 graecae
809 709 1066 774 certevv*

46 819 103 890 hoc
129 819 275 902 sonant,
311 842 349 887 se
375 815 523 887 omnino
550 818 588 887 id
611 844 709 904 esse,
738 819 838 915 quod
866 845 905 890 se

47 961 110 1006 esse
137 935 316 1030 professus
348 932 397 1002 eis
430 952 501 1017 est,
533 943 590 1001 lux
624 945 729 1004 mnndi
754 962 774 1006 a
800 935 906 1008 Patre

46 1051 248 1148 procedens,
275 1067 386 1144 prout
405 1049 450 1119 ab
479 1049 607 1120 eodem
630 1050 663 1121 S.
691 1051 828 1124 Joanne
855 1053 907 1123 di·

47 1168 120 1238 citur
140 1164 202 1256 a).·
229 1177 309 1236 Erat
328 1175 384 1234 lux
406 1193 502 1251 nera,
528 1194 592 1258 ‹111ae
614 1177 771 1238 illuminat
789 1198 909 1241 omnem

46 1294 181 1356 hominem
204 1295 374 1354 venientem
394 1293 429 1350 in
446 1291 525 1351 lmnc
544 1293 698 1354 mundum.
737 1297 773 1356 ln
793 1296 908 1356 mundo

47 1424 122 1488 not,
159 1423 190 1473 et
217 1409 350 1471 mundus
372 1427 432 1488 per
453 1409 553 1487 ipsum
565 1407 678 1484 factus
706 1423 752 1470 est
776 1423 832 1473 etc.
866 1422 908 1475 ut

49 1545 164 1616 nempe
188 1517 327 1588 dixerat
349 1515 394 1585 de
415 1514 528 1585 verbo
551 1515 622 1585 hoc
644 1513 766 1587 divino
787 1519 910 1590 aeterni

48 1633 144 1707 Patris
164 1633 275 1706 Filio:
308 1641 416 1702 Omnia
430 1659 488 1722 per
510 1643 610 1721 ipsum
622 1641 721 1719 facta
730 1641 819 1720 fimt.
862 1635 914 1704 Et

49 1753 158 1848 snpra:
181 1758 319 1821 Mundus
332 1777 387 1839 per
406 1760 508 1836 ipsum
515 1756 626 1835 foetus
650 1771 713 1835 est,
734 1771 766 1820 et
782 1759 913 1820 mondus

49 1897 106 1940 enm
126 1898 185 1939 non
210 1877 362 1952 cognovit.
389 1909 392 1914 ,
429 1863 526 1936 Sicut
550 1865 667 1937 ethic
695 1865 824 1939 dicitur
848 1864 912 1955 b):

50 1995 83 2056 Ec
108 1981 168 2058 noti
191 2001 416 2068 cognoverunt,
451 1993 528 2073 quia
554 1992 679 2052 Patrem
703 1997 769 2054 eius
794 1994 915 2056 dicebat

14 2121 15 2190 j
51 2111 147 2174 Deum.
215 2110 310 2172 Dixit
338 2127 408 2183 ergo
434 2111 478 2171 eis
500 2108 613 2184 Jews,
650 2125 725 2170 non
751 2127 915 2189 cessans,

52 2218 109 2304 eie,
136 2216 236 2314 quod
259 2234 350 2287 esset
369 2198 418 2285 ’ὅτι
440 2201 513 2306 ἐγῶ
539 2214 609 2314 ἐιμ
634 2215 790 2288 divinam
812 2218 916 2313 origi-

52 2361 123 2406 nem
147 2361 187 2406 ac
207 2333 410 2404 missionem
435 2358 457 2402 a
483 2331 586 2404 Patre
611 2332 810 2404 inculcare:
842 2347 915 2408 Cum

53 2463 257 2532 exaltaveritis
285 2459 399 2518 Filium
428 2459 580 2534 hominis,
615 2470 687 2518 tnnc
712 2465 918 2538 cognoscetis,

52 2581 119 2658 quio
141 2577 225 2639 EGO
245 2573 354 2651 SUM,
382 2585 413 2635 et
436 2593 458 2634 α
476 2592 524 2636 me
538 2573 631 2651 focio
653 2574 747 2650 nihil,
763 2575 826 2654 sed
834 2571 921 2651 ficut

54 2694 148 2755 docuit
170 2713 218 2756 me
242 2693 357 2768 Pater,
385 2689 443 2750 haec
462 2691 590 2772 loquor:
616 2703 647 2751 et
674 2694 728 2772 qui
746 2694 831 2752 misit
854 2705 920 2769 me,

55 2826 158 2872 mecum
178 2821 243 2886 est,
271 2820 302 2870 et
320 2827 380 2869 non
400 2807 526 2888 reliquit
550 2805 731 2886 mefinum:
755 2811 830 2890 quia
846 2827 921 2886 ego,

56 2944 109 3006 qua
128 2928 250 3008 placito
260 2923 340 3002 fient
360 2927 408 3000 ei,
424 2923 517 3004 jocio
526 2923 659 3006 semper.
713 2924 779 2986 Hac
802 2925 855 2984 iUo
878 2927 922 2987 Io·

58 3056 171 3121 querite,
191 3043 281 3104 multi
297 3042 488 3102 crediderunt
503 3045 536 3101 in
553 3061 630 3102 eum.
681 3031 760 3103 Hos
783 3054 824 3104 ut
840 3060 923 3104 con·

56 3148 160 3222 firmet
183 3151 228 3222 ad
254 3146 484 3220 constantiam
507 3146 544 3216 in
567 3147 658 3231 fide,
680 3148 794 3242 pergit
811 3149 927 3221 eisob

58 3271 174 3338 oculos
202 3291 338 3362 ponere
367 3263 573 3350 Abraham,
608 3262 670 3358 qui
696 3266 926 3355 exultaverit,

60 3403 90 3450 ut
104 3394 241 3468 videret,
263 3381 313 3453 ait
329 3377 383 3470 c),
406 3391 484 3451 diem
505 3408 604 3451 meum
624 3401 682 3451 eto*
717 3379 817 3452 Tum
837 3409 926 3455 vero

60 3499 230 3590 praemisso
248 3498 351 3569 solito
369 3497 566 3568 iuramento
583 3498 647 3569 suo
666 3501 782 3592 palam
798 3498 929 3570 iterum

60 3611 120 3688 iam
148 3615 252 3687 tertio
280 3614 436 3687 divinam
462 3613 587 3710 pandit
610 3614 785 3710 originem
806 3615 927 3702 suam,

63 3750 158 3827 atque
181 3733 272 3803 adeo
295 3729 417 3804 Deum
438 3757 475 3804 se
497 3716 760 3816 demonstrans,
783 3739 867 3799 dixit
887 3741 931 3802 eii

64 3856 164 3926 Jcms:
188 3861 300 3935 Amen,
324 3877 412 3920 amon
431 3860 497 3920 dico
513 3861 621 3920 vobis.-
642 3861 818 3938 Antequam
835 3857 938 3920 Abro-

98 4000 130 4072 o)
149 3997 195 4066 Jo.
215 3997 242 4054 1.
255 4013 280 4065 9.
372 3997 401 4071 lv)
426 3997 468 4053 lb.
489 3995 571 4054 VIII.
587 4009 631 4066 27·
648 4005 695 4051 m.
779 3996 808 4071 c)
831 3995 869 4052 lo.
888 3999 931 4063 5⁶.
