2438 4566
108 435 228 501 ΨΜ
371 430 675 525 CAPUT
737 431 1025 526 LXXXVL

90 557 620 737 &murmurum
681 621 1115 697 suesuuuruus

474 747 919 821 ABSCONDITA.

262 918 454 999 Confiteor
482 921 574 1008 tibi,
609 918 738 1009 Pater,
777 917 948 997 Domine
981 921 1115 999 coeliet

310 1053 437 1126 terrae,
464 1042 549 1133 quio
574 1034 792 1118 abscondisti
819 1037 893 1113 hee
918 1062 941 1113 u
957 1038 1114 1137 sepienti:

245 1165 256 1193 *
307 1152 392 1242 hus,
411 1166 446 1228 et
458 1153 723 1250 prudentibus,
742 1164 777 1230 et
797 1153 973 1230 revelasti
991 1162 1031 1231 e'u
1042 1170 1113 1252 prm

306 1270 415 1346 vulis.
460 1268 517 1345 Ita
537 1267 665 1387 Paterp
696 1273 875 1369 quoniam
898 1270 948 1349 fic
968 1271 1037 1347 fuit
1053 1271 1113 1371 pia·

304 1389 424 1463 eitum
449 1401 534 1467 ante
561 1400 608 1463 te.
669 1385 807 1464 Matth.
836 1384 907 1464 XI.
935 1394 1073 1483 25..26.

900 1520 917 1553 Θ

88 1734 216 1793 Reserate
257 1657 343 1797 Ex
363 1726 548 1821 evangelio
572 1727 680 1798 Lucre
701 1727 750 1797 X.
773 1751 829 1801 21.
853 1727 1036 1815 discimus,
1054 1727 1111 1798 het

88 1820 196 1958 fflffffi'
259 1843 439 1915 Christum
482 1844 641 1932 dixisse‚
675 1846 767 1916 'dum
800 1844 1111 1941 septuaginta·duo

126 1941 146 2029 .'
254 1960 347 2045 laeti,
383 1961 485 2055 quod
513 1961 576 2033 irbi
605 1962 780 2034 deemouia
809 1961 1113 2049 subiicereutur‚t

255 2077 422 2150 missione
450 2080 512 2152 sua
536 2079 681 2173 regressi
707 2081 804 2163 sunt,
834 2105 897 2150 eos
925 2079 971 2152 ad
998 2075 1113 2152 humili

254 2216 361 2267 tatem
387 2197 616 2282 revocando,
645 2193 906 2292 exponensque
933 2223 1002 2294 qua
1031 2197 1063 2268 iu
1084 2219 1139 2265 re·

254 2312 314 2383 fibi
338 2316 561 2408 complacere
585 2314 775 2386 deberent:
823 2326 1050 2401 Verumtamen,
1074 2311 1113 2382 iu·

253 2430 349 2526 qitit,
377 2444 408 2502 iu
430 2441 485 2501 lroe
511 2441 773 2518 uolite'goudere,
801 2443 876 2524 quia
886 2440 1022 2521 spiritus
1042 2441 1113 2502 uotis
1134 2440 1138 2455 ¹

216 2606 223 2615 .
240 2557 472 2637 jirbiieiumur:
497 2559 631 2620 Gaudete
649 2571 769 2636 aretem,
787 2559 871 2641 quod
886 2561 1012 2619 uomina
1026 2568 1114 2619 vestm

242 2675 367 2756 struite
386 2673 467 2753 suut
495 2679 526 2736 in
552 2677 641 2737 coelis.
707 2677 744 2748 Ire
770 2678 839 2755 upra
866 2675 944 2735 liora
973 2672 1113 2738 exultauit

253 2792 370 2871 Spiritu
382 2790 516 2869 functo,
557 2804 587 2853 et
609 2793 714 2853 dixit:
758 2791 906 2866 Confiteor
930 2793 987 2855 tibi
1012 2792 1109 2863 Putet,

252 2905 381 2967 Domine
400 2908 463 2967 celi
483 2920 513 2967 et
533 2920 617 2967 terre
638 2920 693 2969 etc.
746 2897 800 2969 Sic
824 2898 988 2972 Christus
1010 2900 1111 2970 secun·

253 3013 318 3085 dus
336 3013 504 3109 superbire
525 3014 663 3101 Adam,
688 3015 784 3113 (qua
804 3016 969 3110 arrtiquus
987 3020 1108 3112 serpeus

251 3132 400 3216 cecidit,
429 3150 464 3205 et
493 3146 761 3231 protoparentes
788 3133 939 3221 deiecit,
966 3134 1106 3206 affectan-

251 3269 302 3318 tes
324 3249 518 3335 scieutium,
543 3270 577 3321 et
595 3275 671 3321 esse
690 3250 776 3322 sicut
793 3248 868 3338 dii)
892 3251 1103 3323 humilitatem

249 3365 386 3461 purvuli
411 3365 591 3461 opposuit.
642 3365 724 3436 Una
742 3385 794 3439 est
813 3367 947 3439 diaboli
969 3387 1005 3439 et
1020 3356 1104 3463 primi

247 3482 400 3554 hominis
425 3486 538 3578 eulpa.
591 3484 632 3571 In
658 3484 717 3556 illa
740 3484 872 3556 Christi
899 3486 945 3556 ad
973 3481 1101 3575 discipu·

246 3604 317 3686 los,
346 3629 413 3670 eum
430 3610 546 3684 gaudio
572 3601 845 3690 renunciatum,
872 3603 973 3698 quod
995 3602 1102 3673 daeme
1130 3644 1133 3649 -

243 3717 302 3786 uis
328 3717 390 3787 fibi
412 3716 683 3804 subiicerentur,
710 3719 839 3794 verba:
874 3729 1017 3794 Videbam
1029 3724 1102 3806 suto·

243 3861 331 3916 rrum,
341 3839 424 3916 ficut
432 3843 542 3920 fulgur
562 3846 598 3905 de
617 3846 688 3906 celo
706 3847 880 3922 cadentem,
899 3836 993 3909 Ven.
1012 3829 1100 3910 Beda,
1129 3928 1132 3937 Ι

247 3948 377 4045 nquit,
399 3949 532 4043 iuquit,
558 3950 747 4049 discipulos
770 3953 815 4025 de
835 3953 1015 4051 figuorum
1036 3969 1100 4047 oper
