2438 4566
410 271 642 355 π
889 301 958 374 251

88 429 245 530 explicat
261 431 307 509 ad
325 457 362 509 se
376 431 502 544 Filium
521 431 595 505 Dei
616 458 637 505 a
655 430 763 507 Petro
783 431 962 534 agnitum:
992 426 1108 495 ΟΜΝ

86 575 237 645 remque
265 569 333 622 tam
360 549 488 646 insigni
514 551 684 623 miraculo
714 570 828 623 ornat.
881 551 964 644 Qua
998 550 1108 608 LXXV·

87 667 134 739 de
157 692 196 738 re
219 664 250 738 S.
271 665 532 764 Hieronymus:
560 667 692 760 „Quid
714 668 890 766 primum,
917 667 1124 740 ier-w

85 783 168 880 quit
193 777 254 873 a),
281 783 386 855 mirer
411 782 448 856 in
473 785 652 869 hocloco
677 785 818 861 nescio:
846 804 966 858 utrum

88 898 366 999 praescientiam,
393 900 492 996 quod
514 918 664 997 neverat
681 902 814 998 piscem
834 901 967 979 habere

90 1017 128 1089 in
152 1045 216 1090 ore
243 1019 441 1106 staterem,¹
464 1036 499 1089 et
524 1019 623 1115 quod
651 1019 785 1116 primus
813 1018 891 1116 ipse
912 1044 967 1092 ca·

89 1133 244 1232 piendus
284 1153 399 1222 esset,
436 1159 482 1204 an
518 1129 820 1230 magnitudinem,
859 1156 968 1237 atque

89 1250 275 1337 virtutem,
293 1248 326 1322 si
344 1250 389 1322 ad
409 1250 559 1323 verbum
580 1252 654 1324 eius
676 1253 788 1326 statim
807 1253 908 1326 stater
928 1253 968 1325 in

92 1394 152 1441 ere
171 1365 277 1464 piscis
295 1388 431 1440 creatus
449 1386 519 1453 est;
542 1388 577 1440 et
592 1367 693 1464 quod
708 1369 864 1442 futurum
882 1387 967 1459 erat,

92 1483 167 1582 ipse
189 1485 375 1580 loquendo
391 1485 531 1556 fecerat.
544 1487 567 1523 “
616 1485 692 1558 lam
711 1485 809 1581 prius
833 1485 865 1556 S.
883 1487 968 1560 doc·

94 1620 149 1674 tor
177 1600 390 1690 declaravit,
427 1601 613 1696 quomodo
639 1587 823 1674 Dirminus
847 1619 968 1675 noster

96 1737 128 1791 et
147 1718 343 1790 secundum
368 1743 508 1791 carnem
531 1742 576 1790 ex
599 1717 705 1816 stirpe
727 1717 853 1792 David
872 1718 970 1815 geni·

97 1853 167 1923 tus,
193 1853 229 1907 et
245 1836 437 1908 fecundum
455 1835 614 1933 spiritum
631 1836 887 1934 omnipotentis
905 1834 969 1908 Pa·
1086 1880 1089 1887 ·

42 2050 47 2057 Ι
98 1950 152 2022 tris
170 1949 280 2025 Filius
299 1953 386 2024 liber
409 1973 490 2027 erat.
531 1951 643 2026 Aliud
661 1979 749 2030 vero
765 1971 848 2026 ⁴ante
869 1952 970 2026 mira·

100 2071 212 2156 culum
236 2066 568 2167 &chrysostomus
595 2087 715 2143 notat:
753 2069 844 2157 „Ne
868 2091 967 2168 puta·

42 2276 46 2283 μ
99 2203 147 2258 tet
170 2183 288 2273 enim,
322 2185 369 2258 ait
392 2183 453 2275 b),
479 2188 628 2276 Petrus,
656 2187 837 2261 Christum
859 2187 896 2259 id
918 2188 967 2260 ab

42 2326 45 2375 τ
102 2296 160 2374 illis
175 2300 376 2389 audivisse,
396 2304 564 2400 praevenit
580 2330 680 2391 eum,
700 2324 741 2377 ut
757 2305 829 2378 hoc
846 2303 979 2402 ipsum.

42 2404 46 2483 Ϊ
103 2415 325 2516 fignificat-et,
352 2439 482 2498 etune
511 2420 676 2499 fiduciam
702 2420 862 2508 inderet,
889 2447 973 2493 non·
1043 2469 1047 2474 -

103 2535 237 2620 audenti
252 2557 356 2616 antea
373 2537 417 2609 de
433 2536 501 2608 illis
516 2536 629 2632 loqui.
656 2531 740 2610 Hoc
756 2556 873 2610 autem
889 2540 969 2609 vult

104 2651 308 2751 significare:
335 2653 505 2752 Immunis
525 2680 547 2728 a
566 2679 675 2752 censu
697 2655 782 2727 lum.
821 2652 916 2726 Nam
939 2651 993 2726 si·

102 2791 193 2868 reges
216 2791 315 2851 terrae
336 2797 357 2844 a
379 2770 458 2845 filiis
478 2770 550 2863 fuis
571 2768 667 2844 nihir‘
683 2766 879 2867 accipiunt,
905 2768 968 2843 sed
1006 2861 1010 2867 f

101 2888 139 2965 ab
159 2890 303 2987 alienis,
329 2892 443 2962 multo
465 2888 576 2986 magis
597 2915 654 2963 me
674 2888 867 2971 immunem
892 2912 968 2960 esse

95 3007 272 3104 aportuit,
297 3005 359 3101 qui
382 3032 456 3079 non
476 3005 623 3095 terreni,
646 3007 708 3079 sed
731 3005 879 3080 coelestis
896 3005 972 3078 Re„

96 3123 146 3220 gis
165 3123 275 3201 Filius
296 3124 401 3225 sum,
418 3141 453 3196 et
474 3121 602 3193 Rex.¹“
628 3129 634 3160 '²'
660 3121 891 3222 ¹Pendebatur
914 3121 972 3195 tri.

96 3237 224 3320 butum
254 3240 326 3314 hoc
356 3264 423 3336 pro
455 3237 709 3313 conservandis
733 3238 829 3313 sartis
860 3239 978 3313 tectis<

42 3408 44 3413 ·
91 3382 166 3459 que
183 3358 308 3456 templi
329 3354 664 3465 Hierosolymitani‚
682 3355 781 3454 quod
799 3360 971 3454 templum

42 3998 48 4129 i

93 3474 280 3562 Christus,
299 3474 441 3552 eiiciens
461 3500 507 3550 ex
528 3501 572 3547 eo
587 3475 784 3549 vendentes
804 3493 840 3555 et
852 3493 974 3569 :emens

93 3593 224 3682 tessJo,
245 3593 290 3672 11.
315 3597 368 3675 16.
390 3612 497 3666 vocat
516 3592 664 3679 domum
683 3591 794 3672 Patris
814 3569 883 3677 sui,
905 3611 975 3663 coe-
1081 3631 1083 3635 ·

93 3707 190 3787 lestis
214 3708 379 3785 nimirum
401 3709 514 3806 Regis
539 3709 647 3783 Filius
673 3728 709 3781 et
733 3708 830 3781 Rex.

129 3860 168 3942 ι)
188 3858 247 3923 M.
269 3861 328 3918 111.
349 3865 378 3919 ἐκ
397 3874 451 3930 erp.
474 3860 572 3921 XVII.
598 3859 698 3918 Marrb.
728 3857 760 3916 T.
783 3853 883 3930 Μ).
906 3854 953 3920 nti

183 3944 313 4026 01³⁰st
336 3943 491 4016 zffrltp.
518 3955 578 4018 585.
690 4010 691 4013 Ἴ
