2566 4680
831 307 906 394 287

47 467 113 523 suit
137 435 197 540 a),
222 433 370 522 indicari
393 445 525 520 lilium
551 465 724 522 aeternum
750 474 849 539 esse,
875 475 912 527 et
931 451 1051 518 cim

44 567 104 639 fine
126 564 229 638 initio
254 584 338 640 ante
363 565 486 640 omnia
508 568 636 676 laecula
660 567 874 643 existere?“
910 573 1073 638 Imm.

919 693 1067 766 Ἢν.

105 795 205 874 Nihil
231 796 397 874 sacratius
425 817 501 873 erat
527 797 675 874 nomine
700 798 778 875 Dei
806 821 910 879 tetra·

45 935 226 1014 grammato
252 927 402 998 Jctova:
437 941 513 1012 quo
538 917 684 991 nomine
708 922 914 996 denuntiari

45 1062 75 1106 se
101 1035 204 1108 Deus
240 1032 358 1108 voluit
387 1058 454 1129 per
483 1034 651 1132 Moysen
683 1036 913 1114 liberatorem

46 1149 290 1233 israelitarum:
335 1149 420 1244 Qur
451 1173 543 1239 esc,
567 1165 655 1226 arisit
681 1184 730 1227 me
752 1167 797 1226 ad
822 1187 912 1229 vos.-

45 1267 102 1340 Et:
136 1269 229 1343 Eoo
256 1289 361 1356 suns,
396 1289 471 1361 om
497 1290 591 1342 suns.
653 1271 795 1345 Eodem
818 1276 914 1350 redit
969 1279 979 1286 “

45 1382 118 1456 illud
138 1383 259 1482 Apoc.
282 1387 306 1456 l.
325 1366 477 1462 citit,
498 1381 516 1455 ti
538 1383 597 1468 ἦν,
617 1380 915 1488 ωὸἐρχᾶμεκς.

47 1500 168 1574 Omnia
198 1526 287 1576 vero
311 1501 411 1573 fimul
434 1501 685 1598 complectitur
707 1530 842 1578 nomen
867 1529 920 1581 te·

47 1635 307 1714 tragrammaton
324 1617 480 1706 lehova‚
506 1645 528 1690 a
548 1619 652 1692 verbi
675 1631 750 1702 rm
765 1626 825 1696 vel
841 1636 917 1705 tm

48 1755 133 1823 suin,
159 1761 237 1830 quo
260 1759 322 1807 ens
343 1733 421 1808 κατ’
443 1721 559 1826 ιξαχῆν
582 1734 675 1807 initii
698 1757 733 1810 et
754 1737 835 1811 finis
856 1767 918 1812 ex-

47 1877 115 1946 pers
138 1851 364 1949 exprimitur,
391 1878 413 1924 a
433 1877 471 1924 se
492 1852 668 1926 existens:
695 1857 798 1950 quod
818 1856 921 1930 nimi-

49 1993 116 2040 rum
138 1970 314 2042 rationem
338 1970 408 2042 suae
431 1969 626 2043 existentiae
643 1971 737 2044 inse
754 1973 837 2072 ipso
857 1977 920 2048 ha-

49 2083 117 2174 bet,
155 2112 218 2159 ens
251 2085 512 2176 necessarium,
555 2113 578 2159 a
609 2113 686 2183 quo
709 2115 766 2160 res
791 2113 918 2166 creatae

9 2245 10 2248 =
50 2202 261 2274 existentiam
298 2205 433 2276 habent
465 2228 507 2274 ac
540 2202 637 2277 entia
673 2203 922 2304 contingentia

49 2318 120 2391 lunt
137 2341 172 2393 et
188 2341 381 2410 vocantur,
399 2343 556 2416 quorum
573 2319 789 2394 creationem
805 2325 924 2423 Moy·

50 2457 97 2508 ses
117 2434 154 2508 in
181 2435 317 2509 Genesi
342 2437 546 2511 describens
565 2429 693 2510 ‘eorum
716 2440 925 2536 contingen-

7 2633 8 2636 *
52 2550 126 2624 tiam
147 2580 236 2626 mox
258 2553 382 2650 primis
402 2552 524 2626 verbis
548 2554 703 2625 declarat
720 2567 754 2626 in
769 2569 927 2647 principio
1026 2648 1030 2656 1

51 2684 180 2745 creavit:
198 2671 263 2744 ubi
279 2680 402 2740 Eloliim
420 2689 571 2746 vocatur
588 2668 714 2758 Deus3
736 2672 927 2768 proprium

54 2811 131 2860 vcro
169 2812 304 2859 nomen
339 2785 414 2858 Dei
450 2806 760 2892 tetragrammaton
790 2791 929 2866 Jehova

11 2967 12 2970 ,
55 2886 128 2980 itii
149 2926 225 2997 QUI
248 2925 317 2977 EST
340 2904 495 3000 primum
515 2905 670 2978 occurrit
687 2905 756 2979 Ex.
780 2907 843 3002 ΙΙΙ.
871 2927 928 2999 ις.

55 3045 73 3090 a
99 3020 183 3095 Deo
215 3021 348 3119 Moysi
380 3021 652 3093 manifestatum.
721 3019 930 3098 Discrimen

56 3157 167 3211 autem
187 3140 257 3210 iam
278 3165 324 3210 ex
343 3138 397 3211 Jo.
419 3138 446 3210 I.
472 3137 694 3224 notavimus,
721 3138 768 3208 de
779 3139 928 3230 Verbo,

56 3276 114 3346 per
144 3254 245 3350 quod
270 3255 423 3338 mundus
449 3254 485 3325 in
512 3252 691 3350 principio
714 3253 825 3328 lactus
852 3277 930 3346 est,

58 3368 211 3444 dicente:
240 3382 276 3442 In
294 3384 449 3462 principio
470 3394 551 3443 erat.
612 3369 729 3443 Prima
753 3393 806 3444 est
830 3376 933 3471 apud

8 3467 9 3558 ἦ
59 3481 331 3567 Theodoretum
367 3489 445 3560 haec
481 3488 520 3560 in
555 3485 716 3576 Genesin
754 3493 931 3586 quaestio:

61 3599 176 3692 Quam
199 3589 249 3676 ob
273 3629 414 3676 causam
434 3624 517 3678 ante
538 3606 698 3680 omnium
717 3623 833 3678 rerum
858 3599 935 3702 opi·

61 3715 175 3792 ficium
205 3710 369 3817 Moyses
394 3707 631 3796 narratidnem
662 3723 708 3792 de
738 3721 824 3793 Deo
855 3749 935 3796 non

63 3830 244 3910 instituat?
279 3838 498 3936 Respondet
520 3859 637 3914 autem
662 3861 743 3929 eos,
770 3838 833 3935 qui
855 3841 939 3917 haeo

7 4033 8 4064 i
103 3984 132 4062 Β)
154 3988 234 4046 Exod.
257 3987 315 4047 III.
341 4004 383 4065 14,
