2608 4684
355 345 425 412 332
674 315 908 382 a
963 322 965 326 ’

207 463 325 532 ΒΑΜ
353 473 424 546 Sed
451 468 573 546 omnia
599 470 705 562 dicit,
733 496 812 567 quae
839 493 954 544 mores
981 462 1235 574 emendarenrg

227 588 302 646 ΧΠ·
354 613 391 672 et
424 590 662 685 corrigerent,
703 615 854 684 quaeque
887 615 966 664 cum
992 615 1107 684 ¹novae
1146 592 1235 687 legis

193 703 338 772 W
351 709 540 816 praeceptis
561 727 817 802 congruerent,
836 719 951 802 neque
971 697 1060 779 ultia
1080 707 1234 781 sinerent

291 851 294 857 ’
352 826 419 899 sub
443 825 528 920 iugo
550 823 636 918 legis
661 849 746 896 esse.
800 821 875 894 Cur
901 848 987 917 ergo
1011 849 1086 895 non
1109 827 1232 920 alege

353 941 471 1038 gratiae
502 940 539 1011 id
573 941 776 1026 constituit,
812 940 872 1011 sed
906 965 928 1010 a
959 943 1037 1037 lege
1068 940 1234 1038 Moysi?

356 1057 451 1150 Quin
477 1077 559 1130 ante
586 1083 724 1129 crucem
754 1077 893 1152 tempus
920 1079 995 1126 non
1025 1076 1122 1144 erat,
1142 1057 1234 1130 haec

354 1178 445 1246 clare
468 1172 685 1268 loquendi.“
748 1171 841 1244 Ve-n.
870 1171 969 1244 Beda
994 1172 1030 1243 in
1056 1175 1158 1246 hunc
1185 1176 1235 1244 lo-

353 1313 462 1362 cum:
507 1288 612 1376 „Per
644 1289 846 1362 cathedram
877 1289 986 1385 legis,
1019 1289 1139 1385 inquit
1166 1285 1233 1378 a),

349 1405 529 1491 ostendit,
566 1426 600 1478 et
626 1421 774 1502 propter
801 1405 1034 1478 sacerdotium
1064 1405 1233 1479 nominis·

349 1547 422 1617 que
445 1521 648 1617 dignitatem
670 1524 874 1595 exhortatur
895 1525 1070 1618 populos,-
1091 1540 1134 1595 ut
1155 1522 1233 1594 sub·

348 1615 512 1711 iiciairtur
540 1638 612 1725 eis,
650 1665 727 1711 non
762 1663 894 1735 opera,
930 1640 992 1712 sed
1029 1640 1232 1726 doctrinam

342 1757 626 1828 considerantes.
702 1753 843 1828 Horum
869 1755 906 1826 in
940 1755 1099 1828 Ecclesia
1133 1781 1231 1828 nunc

349 1875 512 1967 exempla
540 1870 740 1958 imitantur,
776 1871 838 1965 qui
866 1870 1040 1943 subiectos
1071 1873 1228 1960 docent,

346 1989 449 2084 quod
469 1987 538 2086 ipsi
560 1987 707 2084 implere
731 1987 966 2074 dissimulant,
992 1992 1050 2062 vel
1077 2014 1228 2084 peccan-

345 2105 441 2179 tibus
473 2103 616 2201 pondus
645 2102 860 2200 poenitentiae
890 2105 1148 2201 adgravantes:
1189 2123 1227 2176 ut
1291 2173 1292 2176 ,

345 2241 408 2294 aut
443 2245 585 2293 necesse
619 2220 661 2291 stt
693 2219 936 2316 poenitentiam
971 2221 1124 2309 reiieiat,
1166 2233 1240 2295 aut'
1291 2205 1292 2287 i

342 2335 558 2434 suscipiens,
587 2335 671 2416 dum
697 2337 787 2408 serre
813 2363 889 2409 non
913 2341 1029 2426 valet,
1057 2338 1226 2411 scandali-

345 2452 615 2550 zatusamplius
640 2473 781 2550 peccet,
810 2453 910 2548 quasi
936 2481 1011 2527 non
1035 2455 1163 2528 melius
1188 2455 1226 2527 srt

339 2591 492 2669 propter
510 2563 782 2642 misericordiam
802 2571 886 2642 dare
902 2571 1093 2658 rationem,
1115 2597 1225 2667 quam

344 2708 490 2785 propter
511 2685 765 2770 crudelitatem.
809 2685 871 2758 De
889 2688 1015 2760 talibus
1032 2708 1128 2760 recte
1147 2687 1225 2760 sub·

343 2803 476 2889 iunkit,
503 2803 601 2898 quod
621 2803 769 2874 sarcinas
789 2801 881 2897 ipsas
905 2827 980 2876 uno
1004 2803 1118 2898 digito
1146 2832 1222 2894 uon

342 2939 548 3013 tangeretur
576 2919 647 2988 hoc
672 2938 744 3002 est,
769 2943 814 2989 ne
831 2917 1045 2991 in‘minimis
1071 2920 1221 3015 quidem

342 3061 383 3106 ea
409 3033 637 3130 perficerent,
666 3057 745 3128 quac
771 3054 894 3109 contra
916 3061 1059 3108 morem·
1078 3030 1221 3132 patrum

314 3221 316 3226 ,
341 3151 414 3223 fine
436 3150 530 3238 fide,
559 3171 593 3224 et
619 3141 728 3247 gratia
754 3149 834 3225 Jesu
863 3151 995 3225 Christi
1020 3174 1055 3225 et
1079 3154 1218 3225 servare
1290 3185 1291 3198 ¹

253 3305 255 3310 ·
293 3249 377 3339 'set
401 3268 571 3346 servanda
596 3268 733 3340 tradere
759 3269 1062 3364 praesumebant.‘·‘
1113 3269 1217 3342 Dum

233 3435 235 3446 ι
339 3408 427 3456 vero
446 3403 515 3454 tam
532 3404 661 3458 certam
679 3410 719 3456 ac
736 3383 968 3458 indubitatam
985 3386 1093 3458 fidem
1113 3384 1215 3486 Chri·

336 3522 411 3574 stus
430 3501 552 3597 super
590 3500 790 3572 cathedram
825 3500 973 3596 Moysis
1007 3503 1214 3576 sedentibus

336 3614 455 3690 statuit
479 3617 514 3688 in
546 3615 592 3700 V,
619 3614 668 3686 T.
696 3616 831 3712 quanto
858 3618 1026 3690 maiorem
1052 3620 1212 3692 securita-

336 3751 405 3808 tem
431 3733 467 3804 in
492 3732 539 3805 N.
563 3731 612 3816 Τ,
636 3729 708 3818 itti,
735 3731 864 3827 quibus
889 3734 1091 3808 cathedram
1115 3739 1210 3814 suam

314 3852 324 3876 ”
334 3849 530 3940 commisit,
559 3849 662 3922 nobis
687 3870 848 3946 praestare
874 3877 1018 3924 necesse
1037 3851 1120 3944 est,
1147 3853 1207 3952 qui

365 4007 448 4080 c)'1n
465 4011 565 4070 Matrh.
585 4013 645 4069 Lib.
662 4011 717 4070 JV.
737 4031 760 4070 c.
774 4026 821 4084 aa.
844 4015 876 4072 T.
899 4013 933 4071 V.
945 4028 977 4086 p.
996 4021 1040 4074 66.
