2574 4682
373 332 440 410 148
687 305 917 374 ..-·““·“.·.ε··““-....’

292 427 306 456 ,δ

94 487 100 495 ·
203 521 209 534 »
232 475 345 538 CAPUT
367 477 447 546 sunt
470 472 576 567 igitur
598 488 753 566 raptores
777 463 846 553 illi,
874 487 948 539 non
970 455 1169 541 laboramus
1193 467 1255 545 ¹in·

177 581 181 585 ”
240 598 323 654 Lvtt.
370 591 546 684 telligere,
588 613 668 658 cnm
701 587 746 656 de
780 584 964 666 Beniamin
999 587 1073 682 lupi
1109 569 1254 680 rapacis

216 716 355 772 vv*
366 733 496 802 genere
528 730 592 775 nos
623 727 763 774 manare
791 702 1002 773 noverimus,
1053 701 1252 772 Praecesse-

366 843 420 896 rat
445 822 620 906 Joannes,
650 839 688 890 ut
715 817 925 916 iustificaret
938 821 1114 914 populum
1136 817 1254 908 Judae-

369 965 488 1011 orum:
516 937 593 1031 ipse
617 931 799 1006 Dominus
826 954 970 1006 venerat
993 936 1038 1006 ad
1060 960 1148 1006 oves
1169 960 1251 1030 per·

369 1045 481 1140 ditas,
518 1055 644 1124 domus
673 1052 799 1121 Israel:
838 1054 1019 1146 apostolos
1051 1050 1251 1156 destinave-

367 1191 440 1255 rat,
469 1191 507 1241 ut
534 1171 640 1242 fidem
670 1166 793 1262 populi
817 1167 1015 1240 Judaeorum
1043 1171 1101 1240 vel
1129 1166 1250 1263 dispu-

366 1286 519 1370 tatione,
548 1289 605 1356 vel
628 1284 750 1378 fignis,
777 1283 1019 1378 miraculisque
1032 1284 1245 1355 fundarent:

367 1386 429 1474 sed
452 1429 531 1473 cum
555 1402 601 1472 illi
624 1425 768 1472 munera
792 1400 854 1471 fibi
875 1400 992 1472 oblata
1016 1401 1246 1496 defugerent,

366 1518 546 1616 publicani
575 1539 609 1589 ot
636 1538 839 1612 peccatores
865 1515 901 1584 in
929 1516 1049 1588 Deum
1080 1519 1247 1600 credere,

293 1717 296 1726 ¹
369 1623 406 1706 in
426 1625 532 1707 fidem
552 1635 646 1720 coire
665 1653 856 1729 coeperuntt
902 1615 943 1702 In
962 1623 1014 1704 his
1037 1632 1145 1728 igitur
1163 1659 1249 1730 apo·

370 1751 493 1822 stolica
516 1749 767 1848 praedicatione
789 1775 936 1844 regnum
961 1753 1131 1822 coelorum
1154 1747 1249 1843 cogi·

367 1887 440 1951 tur,
462 1885 496 1938 et
513 1865 625 1938 fidelis
645 1860 772 1961 populi
786 1865 1022 1960 adspiratione
1040 1867 1246 1937 solidatur.“

370 1975 486 2054 Aliter
508 1973 611 2055 nobis
629 1981 833 2054 violentiam
858 1982 889 2052 S.
914 1981 1079 2064 Paulinus
1103 1983 1245 2052 suadet:

366 2101 501 2185 „Est0,
525 2095 647 2188 aito),
672 2098 848 2170 violentus
868 2095 972 2184 Det),
994 2117 1273 2203 raperegnun

286 2195 345 2248 ’Ἰ
370 2195 550 2306 scelestum.
607 2215 681 2306 Qui
708 2233 802 2286 vetat
826 2213 940 2284 aliena
971 2212 1155 2308 contingi,
1189 2215 1247 2284 sua

370 2331 503 2426 gaudet
527 2331 669 2402 invadi:
707 2330 765 2424 qui
798 2328 940 2400 damnat
968 2329 1117 2401 avaritiae
1149 2349 1248 2426 rapa-

372 2439 534 2535 citatem,
561 2448 681 2520 laudat
710 2446 793 2520 fidei
820 2447 988 2544 rapinam.
1002 2449 1024 2484 “
1081 2470 1088 2478 ’

443 2674 586 2778 Rapina
610 2669 693 2766 fidei
722 2670 872 2754 maxima
893 2668 958 2754 init
980 2669 1099 2776 primis
1125 2669 1245 2750 Eccle-

368 2796 427 2868 siae
453 2812 578 2891 pressae
603 2798 758 2868 saeculis
750 2799 1005 2893 ,temporibus
1030 2796 1244 2906 persecutio-

368 2939 473 2982 num:
504 2927 581 3004 q'uae
603 2897 719 2982 tarnen
744 2938 923 3008 nunquam
950 2913 1053 2985 etiam
1075 2900 1244 3007 deinceps

369 3013 584 3112 defuerunt,
623 3053 687 3098 nec
721 3029 907 3100 deerunt
898 3045 935 3100 111
965 3055 1076 3124 regno
1111 3026 1245 3099 Christi

364 3131 540 3230 Ecclesia,
567 3142 707 3216 dicente
733 3145 876 3219 Christo
895 3147 994 3232 Joan
1017 3129 1183 3215 XV.=20.
1212 3152 1244 3210 Si

367 3278 414 3329 me
421 3264 683 3348 persecutisun't,
704 3281 733 3330 et
753 3289 811 3332 uos
824 3283 1052 3354 persequentum
1093 3245 1142 3331 Et
1159 3285 1242 3355 apo-

366 3372 460 3447 stolo
489 3366 1243 3468 11.Tim.-111.12.0maes,qatptevouat
1278 3379 1279 3384 ’

367 3494 474 3564 uivere
499 3505 531 3561 in
556 3501 675 3563 Ciristo
694 3501 791 3578 Jesu,
789 3504 1052 3600 persecutionem
1069 3505 1243 3581 patientur.

357 3589 452 3688 ,sic
442 3607 548 3702 igitur
573 3608 752 3680 continuae
775 3593 859 3680 foris
884 3628 919 3679 et
940 3608 1033 3680 intus
1062 3609 1145 3680 sunt
1160 3633 1244 3706 pug-

364 3747 445 3793 nae
433 3752 591 3810 ,regnum
617 3733 726 3793 Christi
745 3753 837 3815 uspue
861 3752 937 3794 nunc
959 3737 1025 3794 uim
1040 3736 1192 3814 patitur,
1217 3745 1244 3795 et

312 3855 321 3862 ’
364 3840 491 3911 uiolenti
515 3853 641 3930 rapiunt
661 3827 755 3912 illud:
778 3870 800 3912 α
818 3851 921 3944 diebus
939 3849 1089 3928 Joanais,
1109 3834 1241 3938 inquit,

402 3987 434 4062 11)
461 3987 540 4056 Epist,
570 3999 613 4058 34,
946 3960 981 3971 Ν
1051 3957 1054 3964 ¹
1085 3955 1091 3963 ⁴
1144 3959 1151 3966 .
