2438 4566
218 301 293 382 3⁴⁸
540 277 785 323 q.

73 438 192 503 Utor
215 464 383 522 msam,
421 447 525 523 &eun
545 448 620 506 neni
640 445 819 506 nnumin
844 455 998 526 ἐσται,
1013 458 1095 536 posu

79 555 179 618 xciv.
216 557 269 628 Ι),
300 556 450 627 Paulum
483 551 682 649 promiscue
715 551 891 648 primaevae
927 554 1092 657 Ecclesiae
1112 543 1120 551 ¹*

58 672 427 745 chhristianos
444 667 635 740 describit:
674 718 698 753 „
712 667 804 760 Qui,
830 666 951 765 inquit
972 667 1035 762 a),
1062 693 1107 744 et.

216 789 410 887 pecunias,
448 806 486 857 et
513 783 781 881 possessiones,
819 805 855 858 et
879 811 1023 874 curam,
1062 807 1093 860 et

216 904 473 1000 occupationes
493 925 618 972 omnes
641 901 818 974 l'aeculates
843 902 1091 998 repudiarunt,

216 1042 386 1115 totosque
398 1044 437 1090 se
448 1017 536 1089 Deo
552 1006 821 1103 consecraiunt,
838 1041 948 1092 nocte
967 1021 1092 1116 dieque

216 1140 354 1233 {emper
377 1133 480 1206 verbi
505 1131 675 1206 doctrinae
700 1130 937 1211 attendentes.
1007 1137 1091 1210 Haec

218 1275 272 1325 est
290 1253 384 1327 enim
402 1248 590 1347 spiritualis
607 1248 698 1344 ignis
726 1272 868 1337 natura,
895 1241 939 1324 ut
964 1257 1091 1326 nullam
1120 1341 1128 1358 „

217 1395 337 1441 rerum
371 1365 586 1440 saecularium
625 1365 855 1462 cupiditatem
891 1347 1117 1465 relinquats

216 1487 280 1557 sed
298 1485 336 1556 iu
353 1485 461 1556 alium
480 1483 664 1555 muslerat
682 1509 850 1556 amorem.
902 1487 1091 1584 Quaprop-

216 1623 271 1674 ter
298 1601 418 1673 talium
447 1625 564 1670 rerum
594 1599 767 1696 cupidus,
808 1601 944 1675 etiamsi
976 1605 1090 1676 omnia

215 1718 457 1817 profundere,
484 1716 618 1788 etiamsi
639 1720 859 1813 voluptatem
883 1739 919 1792 et
944 1721 1089 1816 gloriam

214 1837 377 1919 irridere,
395 1833 579 1929 ipsamque
596 1833 748 1916 animam
765 1836 902 1907 tradere
919 1858 1088 1933 oporteat,

217 1979 300 2024 cum
332 1974 461 2045 magna
489 1948 653 2022 facilitate
680 1949 758 2023 haec
789 1951 909 2024 omnia
943 1954 1084 2050 perficit.

216 2069 313 2143 Nam
331 2067 422 2140 illius
443 2065 535 2162 ignis
554 2067 660 2138 ardor
680 2067 718 2137 in
738 2067 890 2140 animam
915 2069 1087 2167 ingressus

178 2208 398 2283 ,torporem
428 2207 571 2253 omnem
601 2182 738 2269 abiicit,
775 2205 812 2255 et
837 2211 957 2282 penna
982 2189 1088 2261 levio·

214 2329 289 2376 rem
311 2299 419 2372 efficit
440 2324 545 2384 eum,
572 2323 678 2394 quem
700 2301 861 2388 invadit,
887 2303 938 2376 ita
958 2322 999 2375 ut
1017 2331 1086 2377 om·

216 2420 299 2505 nia,
324 2443 403 2513 quae
425 2417 490 2488 sub
515 2438 696 2513 aspectum
721 2417 873 2506 cadunt,
908 2420 1085 2518 despiciat

216 2536 293 2628 Qui
315 2533 391 2607 talis
413 2552 466 2605 est
485 2532 522 2603 in
541 2555 711 2629 perpetua
733 2537 1012 2630 compunctione
1033 2539 1087 2610 de·

214 2653 300 2726 inde
333 2669 562 2749 perseverat,
603 2652 720 2722 fontes
756 2655 989 2748 lacrymarum
1025 2657 1086 2728 lre·

214 2791 365 2868 quenter
386 2767 591 2852 effundens,
617 2769 833 2864 multamque
854 2769 940 2844 inde
961 2776 1086 2870 volup·

215 2907 322 2960 tatem
353 2907 558 2978 excerpens.
624 2881 726 2955 Nihil
755 2884 890 2981 quippe
919 2885 1009 2961 Deo
1038 2889 1083 2963 ita

211 3000 433 3097 conglutinat
450 3017 487 3076 et
503 2995 705 3098 coniungit,
727 3019 766 3072 ut
782 3004 949 3100 lacrymae
969 3006 1082 3085 huius.

211 3119 312 3191 modi
338 3117 436 3189 etc.“

218 3291 227 3384 ξ
244 3292 277 3367 tt)
295 3296 372 3352 Hom.
395 3294 445 3352 VI.
464 3297 494 3350 ln
509 3293 614 3354 Mani,
634 3294 667 3353 Y.
690 3295 758 3354 VH.
774 3307 801 3369 p·
821 3313 866 3375 94·
