2438 4566
254 302 331 383 284
580 331 813 343 ---

112 440 229 507 cunr
371 440 408 531 C
435 446 474 531 A
501 442 536 532 P
560 442 604 531 U
631 441 675 530 T
731 438 1028 531 LXXXIII

87 558 565 746 Lfss'f‘fjcnausnus
602 630 665 700 sn
700 629 886 701 Danaa
923 626 1116 705 sunan

482 754 914 853 Paoalaajrna.

258 932 447 1017 Abraham
466 946 573 1031 pater
596 946 719 1008 vester
740 935 946 1024 exultavit,
972 947 1016 1012 ut
1035 932 1113 1011 vide-

310 1074 367 1125 ret
391 1049 492 1124 diem
515 1073 660 1124 meum:
688 1049 805 1139 vidit,
833 1065 873 1126 et
899 1055 1045 1151 gavisus
1065 1062 1111 1127 est

307 1163 500 1243 Dixerunt
523 1188 616 1264 ergo
646 1163 768 1243 Judaei
793 1167 840 1243 ad
869 1186 980 1245 eum:
1016 1166 1112 1273 Quin-

308 1286 489 1382 quaginta
531 1307 649 1358 annos
693 1284 867 1360 nondum
909 1285 1051 1375 habes,
1085 1292 1127 1359 et·

307 1396 497 1477 Abraham
525 1399 677 1476 vidisti?
712 1398 824 1499 Dixit
850 1404 902 1477 eis
928 1399 1054 1479 Jesus:
1076 1396 1111 1475 A·

307 1541 408 1606 men,
435 1542 537 1592 amen
557 1520 636 1594 dico
654 1515 777 1606 vohis,
803 1510 997 1615 antequam
1015 1516 1111 1595 Abra·

310 1634 397 1711 ham
416 1633 546 1730 fieret,
582 1658 646 1730 ego
665 1633 763 1732 sum.
827 1633 1017 1713 Tulerunt
1043 1656 1112 1732 ergo

307 1752 468 1849 lapides,
494 1763 538 1825 ut
561 1750 724 1826 iacerent
745 1753 784 1825 in
805 1776 914 1829 eum:
943 1752 1048 1833 Jesus
1068 1772 1113 1825 au-

308 1880 387 1944 tem
411 1867 609 1943 abscondit
630 1891 692 1957 se,
719 1880 757 1944 et
776 1871 892 1948 exivit
914 1870 962 1948 de
982 1864 1112 1971 templo.

308 1982 371 2063 J0.
398 1982 504 2061 VIH.
535 1991 591 2077 56.
620 1999 689 2060 etc.

1146 2040 1151 2185 t

89 2328 195 2398 Jehova
256 2237 408 2379 Nota
448 2306 507 2378 hic
547 2331 753 2380 consuetam
789 2309 935 2383 Christo
972 2309 1115 2384 Domino
1149 2334 1151 2339 ·

90 2429 208 2470 ΝΜ·
254 2425 395 2498 iurandi
414 2426 621 2512 formulam,
645 2452 749 2520 quam
769 2426 878 2498 rebus
897 2428 1040 2500 maximi
1058 2450 1115 2498 mn

254 2543 368 2616 menti
403 2543 615 2639 praemittere
645 2547 756 2616 solet:
793 2557 911 2631 Amen,
948 2574 1035 2617 amen
1063 2554 1116 2614 dico

252 2673 361 2750 vobis,
383 2684 549 2750 antequam
566 2640 725 2731 Abralaam
738 2670 845 2750 fieret,
867 2692 921 2748 ego
927 2671 1014 2750 sum.
1041 2661 1116 2755 Quae

253 2778 366 2850 verba
400 2777 543 2851 tandem
579 2797 852 2850 commoverunt
889 2780 1053 2866 Judaeos,
1086 2792 1116 2848 ut

251 2897 419 2963 tollerent
438 2892 575 2985 lapides
598 2892 635 2961 in
659 2919 761 2979 eum3
787 2922 866 2967 cum
890 2898 997 2991 supra
1016 2896 1058 2968 de
1077 2918 1114 2977 se,

252 3036 318 3081 ceu
341 3013 420 3080 luce
442 3008 588 3095 mundi,
617 3010 717 3082 etde
742 3011 844 3084 Patre
864 3015 929 3085 suo
954 3014 1049 3086 unde
1068 3034 1116 3083 vc·

249 3128 360 3214 uerit,
389 3146 466 3199 eta
496 3152 570 3222 quo
598 3128 720 3200 missus
748 3130 807 3216 sn,
835 3133 1017 3202 luculenta
1042 3122 1116 3200 testi·

247 3245 369 3316 monia
391 3244 550 3316 dedisset
574 3243 636 3333 a),
665 3250 781 3341 palam
811 3247 859 3319 eis
887 3248 1113 3325 denuncians,

248 3375 325 3454 quia
351 3375 520 3432 moniemini
549 3375 581 3433 in
598 3376 737 3453 peccatis
760 3378 893 3435 vestris:
921 3379 949 3437 si
971 3378 1049 3438 enim
1065 3384 1114 3431 non

247 3491 451 3565 credideritis,
479 3492 554 3570 quia
573 3510 626 3565 ego
642 3490 735 3570 sum,
763 3493 934 3553 moriemini
948 3496 988 3554 a‘n
999 3497 1113 3575 peccato

179 3606 183 3613 ’
245 3620 351 3669 vestro
375 3592 422 3685 b).
473 3596 531 3667 En
554 3598 699 3668 fimilem
723 3599 953 3686 sententiam,
982 3612 1112 3692 quiaego

233 3722 330 3798 fitm:
355 3727 530 3806 Antequam
551 3726 709 3788 Abraham
721 3725 829 3804 ficret,
852 3746 906 3802 ego
914 3726 1003 3805 snm.
1039 3713 1111 3785 Haec

244 3854 348 3901 causa
368 3832 490 3918 fuerit,
519 3834 619 3927 quod
639 3832 809 3931 interpres
829 3838 997 3931 vulgatus
1016 3828 1111 3908 verba

283 3978 312 4051 a)
333 3979 378 4048 J0.
406 3980 490 4041 VM
515 3994 559 4040 ιι.
588 3998 628 4050 14.
656 3992 698 4047 1⁶.
724 3996 766 4048 ιε.
863 3987 892 4063 a)
914 3986 954 4043 n.
976 4000 1020 4055 24.
