2438 4566
253 289 328 355 312
537 246 550 263 “·
575 252 827 331 -ε--ε

108 419 226 501 catur
251 432 376 487 mento
399 409 597 500 consuluit,
624 428 660 482 et
679 409 866 504 exemplo:
894 426 936 483 ut
961 405 1000 484 in
1025 412 1134 515 adop-¹

88 522 241 577 mm·
253 534 388 606 tionem
411 550 561 607 vocatos
586 553 649 624 per
672 527 759 599 illud
780 527 1001 622 proveheret
1021 533 1065 605 ad
1087 534 1132 606 sa·

100 621 380 735 &luten
406 673 471 743 per
493 648 563 718 hoc
587 643 762 716 imbueret
786 643 830 716 ad
851 644 1022 719 laborem.
1059 648 1131 722 Hic
1161 646 1163 651 ’

251 792 371 869 autem
396 763 498 836 labor
525 761 591 859 piis
615 760 694 849 filiis
722 781 755 833 et
784 758 891 845 bonis
923 763 1029 849 servis
1054 791 1131 837 nou

252 885 384 967 solum,
408 906 474 952 nec
497 877 615 976 asper,
640 903 707 965 uec
732 903 926 965 onerosus,
948 880 1007 965 ¹sed
1028 884 1135 957 etiam

251 998 367 1073 suavis
397 1016 432 1068 et
458 997 546 1068 lenis
571 1015 642 1080 est,
682 993 824 1067 dicente
853 994 1042 1082 Domino:
1086 1010 1136 1073 Vc.

251 1128 316 1201 nite
339 1123 383 1183 ad
404 1141 451 1183 me
472 1140 572 1183 ornnes
595 1135 652 1182 etc.
720 1109 823 1183 Nihil
848 1138 959 1209 erge,
987 1114 1137 1189 dilectis·

252 1229 352 1315 simi,
373 1229 524 1300 arduum
548 1248 603 1309 ‚est
624 1227 839 1316 humilibus,
862 1229 949 1317 nihil
973 1256 1135 1328 asperum

232 1346 421 1431 mitibus,
449 1366 484 1417 et
508 1345 610 1418 facile
640 1346 761 1417 omnia
785 1366 963 1442 praecepta
988 1347 1136 1421 veniunt

175 1468 178 1475 ’
253 1463 293 1536 in
330 1463 517 1549 effectum,
558 1463 703 1559 quando
738 1483 773 1534 et
805 1467 916 1557 gratia
952 1464 1136 1560 praetendit

254 1579 450 1666 auxilium,
479 1600 513 1652 et
539 1577 743 1653 obedientia
769 1579 885 1667 mollit
908 1577 1136 1679 imperium.“

333 1814 366 1886 S.
385 1811 582 1908 Gregorius
602 1812 664 1886 Μ.
686 1831 931 1886 occurrentem
952 1811 1033 1902 hic,
1054 1816 1135 1891 sese·

227 1934 328 2028 'que
362 1949 612 2028 opponentem
639 1928 882 2003 difficultatem
909 1957 1058 2016 omnem
1089 1959 1136 2006 re·

255 2067 401 2120 movet:
425 2047 491 2134 „Si
517 2073 581 2143 per
606 2046 828 2134 charitatem,
848 2046 1042 2144 inquito),
1065 2076 1136 2147 per·

255 2159 406 2261 tingitur
432 2165 477 2234 ad
505 2162 653 2251 Deum,
683 2185 717 2239 et
739 2190 804 2261 per
828 2162 1056 2263 semetipsum
1082 2193 1137 2242 ve·

257 2279 344 2351 ritas
369 2279 477 2351 dicit:
505 2291 624 2352 Intrate
644 2310 703 2371 per
731 2304 895 2368 angustam
914 2305 1054 2373 portam.
1092 2284 1138 2358 Et

255 2423 395 2471 rursum
421 2396 638 2469 Psalmistam
671 2399 777 2471 audio
805 2398 1007 2474 dicentem:
1045 2412 1137 2493 Prop·

257 2536 307 2588 ter
336 2526 430 2588 verba
463 2524 613 2584 labiorum
644 2538 768 2587 tuorum
797 2544 851 2603 ego
879 2527 1036 2589 custodivi
1048 2574 1051 2579 ,
1068 2531 1136 2590 vius

257 2644 364 2704 duras.
402 2629 522 2726 Atque
541 2630 577 2717 iu
600 2631 798 2728 Evangelio
820 2631 1006 2706 Dominus
1032 2634 1133 2708 dicit:

257 2746 375 2834 Jugum
404 2759 482 2819 enim
512 2776 611 2820 mrum
628 2758 736 2835 suave
764 2770 836 2836 est,
875 2772 907 2822 et
935 2780 1011 2823 onus
1040 2780 1134 2825 meunt

258 2876 347 2935 leuc.-
375 2866 562 2958 quomodo
589 2889 674 2958 ergo
705 2884 766 2937 aut
790 2869 861 2939 lata
886 2887 938 2940 est
968 2868 1132 2955 charitas,

256 2977 288 3051 si
307 2998 455 3072 angusta
477 2980 607 3075 porta?
634 3001 694 3052 aut
714 2983 901 3078 quomodo
924 2984 1049 3081 iugum
1067 2987 1132 3058 sua·

258 3118 304 3169 ve
332 3115 404 3184 est,
433 3117 467 3168 et
489 3123 580 3184 onus
606 3100 707 3186 leve,
734 3099 763 3172 si
788 3099 824 3169 in
852 3101 1039 3199 praeceptis
1063 3097 1129 3173 Dei

257 3213 326 3285 uiae
361 3215 456 3286 durae
491 3217 591 3301 lunt,
631 3210 715 3311 quae
743 3216 1024 3292 custodiuntur?
1067 3215 1126 3291 Sed

258 3330 352 3418 hanc
386 3330 489 3414 nobis
516 3331 746 3427 quaestionem
778 3331 879 3406 citius
907 3333 985 3433 ipsa
1010 3334 1124 3411 veritas

199 3485 202 3493 ·
256 3447 384 3539 solvit3
414 3447 497 3542 quia
514 3450 572 3521 via
595 3447 667 3520 Dei
690 3468 725 3522 et
751 3448 1005 3524 inchoantibus
1030 3474 1122 3546 angu-

257 3586 314 3636 sta
346 3583 422 3652 est,
464 3585 498 3636 et
530 3567 684 3662 perfecte
720 3566 790 3637 iam
824 3567 1027 3640 viventibus
1054 3571 1117 3651 lata·
1171 3589 1176 3635 1

256 3682 306 3753 Et
323 3683 411 3754 dura
433 3684 529 3777 sunt,
554 3707 632 3778 quac
653 3701 778 3756 contra
794 3709 896 3755 usum
913 3683 1116 3780 spiritualiter
1173 3764 1176 3772 1

256 3798 376 3889 animo
413 3799 675 3896 proponimuS,
716 3821 751 3874 et
784 3821 901 3873 tamen
932 3829 1024 3877 onus
1056 3789 1113 3873 Dei
1166 3821 1170 3859 r

290 3956 321 4035 n)
343 3963 374 4016 T.
394 3964 421 4018 I.
439 3963 497 4025 Lib.
516 3965 560 4020 II.
580 3964 658 4020 Horra.
681 3966 715 4024 V.
735 3968 763 4022 in
781 3966 876 4023 Ezech.
892 3979 919 4038 p.
942 3980 1038 4039 1259.¹
