2438 4566
305 301 376 378 186
627 289 861 326 ““““““

157 445 273 511 Cam
303 454 350 540 ne
360 447 552 546 continget.
566 445 626 519 Ne
636 444 864 542 itaque,quia
874 447 1183 524 multasaerumnas

169 569 267 628 Lxlv.
304 567 466 665 praedixi,
474 567 557 643 ideo
566 563 731 636 timeatis:
748 590 828 635 nam
841 565 885 636 fic
897 565 1079 661 splendidi
1095 567 1180 640 eritis

46 694 49 707 '
147 685 339 780 Wet
356 683 475 763 omnia
491 680 707 779 superabitis.
722 684 745 718 “
794 680 927 757 Adhuc
948 681 1132 756 sublimius
1148 685 1175 758 S.
1209 718 1211 723 ·

304 801 441 882 Isidoro
464 797 654 871 Pelusiotae
682 798 894 877 fermentum
914 818 966 875 est
989 796 1175 874 incarnatio
1209 786 1211 791 ,

305 917 418 1000 Verbi
435 916 567 989 divini:
595 965 617 1001 „
628 914 739 1008 Quae,
767 914 882 1009 inquit
893 909 952 1012 a),
974 916 1174 992 universum

274 1100 276 1107 ,
306 1054 476 1108 terrarum
504 1032 628 1104 orbem
655 1032 876 1128 conspersit:
913 1050 948 1113 ct
975 1033 1083 1106 unius
1110 1060 1174 1107 cor»

305 1151 403 1249 poris
418 1177 463 1224 ex
477 1169 597 1223 nostra
609 1149 819 1236 substantia,
844 1169 950 1255 atque
963 1175 984 1222 a
998 1148 1075 1222 Dei
1091 1151 1173 1247 geni·

304 1267 392 1343 trice
410 1267 533 1341 Maria
552 1265 655 1339 sumti
675 1266 1003 1362 coagmentatione,
1029 1293 1108 1365 quae
1122 1269 1174 1340 ho

305 1386 419 1459 mines
442 1369 591 1472 omnes,
619 1383 678 1480 qui
702 1383 747 1461 ab
774 1383 863 1460 orbe,
888 1382 1039 1472 condito
1064 1384 1172 1457 extite-

305 1521 417 1590 runt,
450 1502 497 1574 ad
528 1526 662 1574 novum
693 1519 810 1580 ortum
836 1500 1035 1581 renovavit.
1050 1504 1073 1539 “
1133 1501 1173 1573 Et

306 1620 340 1693 S.
361 1619 515 1692 Hilarius
532 1618 570 1688 in
591 1618 683 1695 hanc
703 1615 907 1722 parabolam
927 1616 972 1689 de
989 1618 1172 1690 fermento:

305 1789 329 1824 „
343 1736 458 1822 Huic,
492 1734 608 1830 inquit
636 1731 696 1832 b),
727 1760 763 1815 se
789 1732 972 1817 Dominus
1003 1759 1201 1831 compara·¹

306 1854 377 1940 vit,
406 1861 489 1944 qood
509 1871 666 1947 occeptum
686 1861 818 1939 mulier,
852 1853 1034 1949 synagoga
1058 1852 1174 1925 scilicet

303 1995 367 2065 per
393 1965 563 2046 iudicium
589 1966 713 2047 mortis
742 1951 908 2044 abscondit.
924 1971 947 2006 “
997 1967 1054 2040 Sic
1081 1969 1174 2042 etiam
1203 1998 1206 2003 ·

302 2087 504 2160 thesaurum
534 2083 572 2163 in
599 2108 685 2179 agro
715 2081 987 2171 absconditum,
1016 2113 1106 2177 quem
1127 2095 1174 2178 qui

303 2214 445 2289 invenit,
480 2183 628 2271 vendidit
651 2212 755 2281 omnio
788 2229 852 2293 quae
882 2211 1014 2288 tabor,
1052 2224 1082 2273 et
1110 2213 1175 2274 emit

301 2345 411 2404 agrum
432 2308 547 2404 illum,
575 2315 757 2402 Christum
788 2317 825 2399 in
856 2343 961 2401 earne
992 2317 1172 2414 intelligit,-

302 2462 458 2534 „quem‚
485 2433 601 2529 inquit
623 2430 678 2534 ελ
705 2433 884 2518 invenisse
909 2453 962 2515 est
981 2435 1173 2530 gratuitum.

300 2551 579 2649 Evangeliorurn
608 2551 815 2647 praedicatio
842 2551 879 2632 in
906 2552 1073 2630 absoluto
1103 2572 1175 2638 est,

298 2672 359 2742 sed
380 2669 504 2748 utendi
527 2687 562 2740 et
577 2667 786 2766 possidendi
805 2667 909 2753 huius
928 2669 1082 2752 thesauri
1101 2695 1175 2743 curn

298 2810 387 2880 agro
413 2768 671 2881 potestas'non
691 2801 813 2878 potest
840 2812 915 2868 esse
939 2785 1175 2884 fine··pretio,·

297 2901 383 2994 quia
413 2902 573 2982 coelestes
602 2898 732 2981 divitiae
763 2925 837 2983 non
869 2902 938 2986 nisi
965 2904 1101 2981 damno
1125 2905 1174 2975 lae·

298 3016 368 3088 culi
381 3016 646 3113 possidentur.“
671 3017 808 3102 Eadem
828 3039 881 3096 est
898 3019 990 3103 ratio
1008 3001 1175 3117 proxiinae
1200 3033 1202 3036 ’

296 3133 494 3239 ΡεπεὼοΙεεἓ
523 3160 594 3230 qua
614 3161 764 3230 regnum
786 3139 957 3228 coelorum
976 3139 1087 3217 fimile
1104 3161 1176 3210 esse

297 3251 425 3323 dicitur
452 3252 591 3338 homini
621 3253 833 3348 negotiatori
862 3255 1036 3349 quaerenti
1065 3256 1175 3327 bonas

296 3368 523 3465 margaritas,
551 3395 638 3465 quas
669 3370 702 3455 Sq
732 3370 974 3467 Hieronymus
999 3366 1116 3469 legem
1141 3389 1175 3442 et

294 3487 489 3585 prophetas
509 3485 658 3587 intelligi
681 3513 788 3585 posse
811 3468 895 3569 dicit
920 3487 958 3568 in
980 3489 1015 3561 h.
1040 3493 1064 3563 l.
1115 3488 1176 3561 Le-

293 3630 373 3698 gem
405 3619 522 3677 autent
550 3603 669 3698 gratiae
698 3629 805 3683 unam
832 3602 928 3687 illam
959 3606 1174 3702 pretiosam3

293 3723 452 3795 omnium
485 3706 573 3796 vero
607 3721 731 3805 harum
763 3721 1011 3819 parabolarum
1046 3751 1175 3800 conve·

334 3902 364 3975 s)
379 3904 432 3959 Lib.
451 3905 473 3960 1.
492 3906 573 3975 Epist.
589 3920 650 3961 ror·
661 3917 687 3985 p.
706 3921 749 3984 59,
835 3881 863 3976 bi
884 3907 1016 3967 Commeat.
1031 3912 1062 3965 in
1076 3910 1173 3969 Matri.

376 4007 399 4044 c.
418 4000 458 4057 ις.
476 4005 502 4050 rr.
524 4004 550 4056 ς.
565 4001 590 4058 p.
609 3991 672 4056 67&
755 3985 784 4065 c)
805 3990 888 4047 Nurn.
907 4007 933 4060 7.
981 4068 983 4072 ἱ
