2438 4566
882 329 954 398 213

72 472 119 532 ut
139 459 256 554 vulgo
283 453 484 554 ioqu'imur‚
510 457 593 531 sede
617 454 723 532 animi
751 481 792 531 ea
818 481 957 556 praeser-
983 449 1098 516 ΟΜ

74 573 141 648 tim
165 601 212 646 ex
238 589 356 673 parte,
382 602 453 672 qua
475 579 660 665 volumus,
687 596 793 672 atque
814 574 956 647 inclina·
978 573 1107 633 vattl.

75 692 255 765 mur'srve
274 694 320 767 ad
340 693 479 774 bonum
503 692 574 776 five
595 695 641 774 ad
661 698 803 779 malum.
855 690 957 797 Quid
972 692 1116 757 *W

76 832 168 883 vero
188 809 294 883 Deus
315 809 361 883 ab
382 809 466 907 illis,
487 836 578 916 quos
597 836 617 890 a
635 811 800 897 servitute
818 807 959 914 peccati

77 922 116 999 in
136 926 338 1000 libertatern
360 925 515 1010 filiorum
537 928 682 1012 suorum
704 927 880 1016 vindicat,
907 951 959 1000 re-

79 1042 219 1140 quirit?
259 1054 320 1116 Fili
343 1057 409 1131 mi,
428 1054 528 1135 prebe
547 1055 624 1131 milri
644 1073 697 1125 cor
716 1056 826 1117 tunm!
861 1044 960 1119 Con·

79 1159 234 1234 stituitur
271 1186 293 1232 a
331 1159 509 1266 theologis
553 1160 733 1241 catholicis
767 1183 959 1262 peccatum

81 1276 297 1374 originale
286 1304 324 1350 ιιι
363 1277 535 1365 habituali
571 1279 774 1364 aversione
793 1305 813 1360 a
845 1278 959 1368 Deo,
996 1345 1012 1354 ..

82 1388 208 1495 αταιξίᾳ
229 1394 292 1477 ilia
321 1396 387 1480 seu
408 1393 652 1506 propensione
677 1394 723 1474 ad
750 1398 880 1476 malum
912 1421 959 1470 ex

83 1510 312 1608 corruptione
351 1510 541 1609 congenita
576 1530 802 1618 posterorum
835 1510 959 1603 Adae,

76 1651 214 1724 quaese
234 1632 350 1724 palam
371 1628 452 1715 data
472 1627 596 1738 quavis
617 1627 807 1713 occasione
827 1629 960 1734 prodit,

84 1741 231 1817 caecitate
258 1743 385 1830 mentis
411 1764 446 1818 et
465 1743 697 1848 perversitate¹
718 1744 846 1830 cordis.
896 1742 961 1826 De

81 1858 176 1934 hoc
165 1861 402 1957 ingemiscens
422 1861 454 1944 S.
475 1861 627 1948 Paulum
652 1871 767 1953 Infelix
786 1891 840 1957 ego
856 1870 960 1950 nomo,

82 1973 271 2077 inquito),
288 1991 357 2070 quis
369 2008 417 2060 me
433 1990 574 2068 liberabit
590 1990 627 2062 de
643 2008 771 2071 corpore
781 1991 889 2064 mortis
905 1989 962 2051 irrr-

82 2104 151 2166 ins?
182 2105 296 2178 Gratia
320 2105 380 2179 rtet
396 2126 457 2188 per
479 2107 589 2184 Jesrrnr
615 2076 770 2183 Cirrirtrrrn
792 2105 961 2166 Dominum

84 2232 228 2288 rrortrnm.
293 2208 346 2296 Αι
371 2239 447 2285 ιιοιι
472 2212 521 2287 ita
549 2213 681 2302 Judaei,
708 2211 874 2301 Pharisaei
899 2212 961 2284 im·
995 2221 999 2227 “

85 2327 218 2424 primis,
246 2326 379 2412 Christi
401 2349 612 2427 respuentes
626 2330 791 2425 gratiam,
816 2346 836 2401 a
857 2329 962 2401 Mes-

85 2442 130 2517 sia
154 2470 230 2518 non
255 2471 293 2530 se
320 2471 340 2517 a
364 2432 529 2529 servitute
552 2445 689 2542 peccati
718 2443 961 2540 corruptione·

72 2583 147 2656 ·que
169 2581 325 2663 natum,
361 2562 423 2646 ¹sed
459 2588 480 2646 a
511 2561 677 2651 ¹servitute
707 2560 962 2645 Rornanorum

85 2677 283 2753 liberandos
308 2679 520 2776 sperabant,
536 2687 753 2781 fiandalianrt
778 2686 841 2760 lrnc
857 2685 960 2753 verbo.

85 2792 136 2869 Ex
155 2796 224 2870 illis
244 2792 377 2902 nempe
397 2799 436 2871 hi
459 2817 577 2886 erant,
604 2795 799 2892 dequibus
820 2819 964 2901 respon·

85 2912 166 2988 dens
201 2915 375 3012 apostolis
411 2915 458 2988 ad
504 2917 577 3000 hoe
610 2914 752 2998 Matth.
782 2911 874 2996 XV
906 2935 962 2998 13.

78 3027 296 3105 Christus
265 3053 331 3112 art:
362 3041 466 3114 Omnis
479 3042 661 3124 plantatio,
683 3059 778 3124 quam
797 3058 856 3101 non
870 3037 965 3120 plan·

86 3161 165 3221 tenir
184 3159 281 3221 Pater
302 3176 388 3232 meur
409 3158 557 3241 emiserim
580 3154 802 3232 eradicabitrm
866 3154 964 3218 Sinite

84 3271 166 3338 isses.-
199 3273 272 3337 caci'
282 3273 363 3356 strat
388 3285 419 3336 et
442 3275 533 3336 duces
557 3290 723 3345 caeeornm:
749 3288 840 3342 caecrrr
859 3283 968 3345 antem

86 3389 196 3456 ticaeco
215 3393 363 3461 ducatum
373 3403 521 3474 prestet,
543 3392 633 3464 ambe
649 3391 682 3459 in
689 3388 822 3469 foveam
839 3389 963 3459 cadunt.

88 3495 192 3593 Quod
210 3499 360 3595 contigit
378 3498 474 3596 genti
495 3478 670 3586 Judaicae',
691 3497 776 3579 dum
799 3493 965 3605 Pharisaef
993 3552 995 3559 ,

89 3636 181 3691 orum
214 3642 252 3691 se
280 3617 424 3702 ducatui
450 3615 737 3708 committentes,
781 3609 966 3694 Christum

91 3751 260 3833 respuunt.

125 3884 154 3959 t)
177 3885 251 3944 Rom.
278 3885 345 3950 Vll.
368 3900 412 3956 24.
