2438 4566
275 326 279 333 ·
387 299 622 363 Ξ
870 336 938 399 ,23

91 455 250 557 praesentis
270 454 350 552 vitae
370 475 516 555 egentes
541 482 583 554 ao
607 455 796 555 expeditos
820 457 941 548 missu·
956 454 1072 517 clm

52 588 73 641 ·.'
92 600 137 649 rus
165 594 236 649 erat
266 573 304 669 in
340 572 545 671 universum
578 577 753 649 mundum
787 574 859 649 fine
894 603 943 647 ar·
994 576 1040 631 Ll.

52 660 60 803 i
93 710 200 787 gento,
225 690 298 765 fine
320 716 423 790 pera,
449 690 522 765 ime
545 691 700 785 baculo;
727 693 1092 787 revocatque-“W
1176 750 1181 758 .

52 808 59 938 J
93 806 167 883 dicta
190 802 328 899 Matthg
354 806 405 901 X.
431 830 465 901 9,
491 807 580 883 Luc.
608 808 676 881 IX.
704 829 739 883 et
763 811 812 881 X.
843 835 879 897 4.
907 809 944 881 in

52 952 58 963 ·
94 924 275 1021 memoriam
299 942 381 999 ante
401 924 602 1031 passionem
625 928 740 1013 luam,
764 952 825 999 eos
846 926 945 998 relic-

97 1056 193 1129 urus,
226 1042 327 1138 quod
355 1040 425 1131 iam
453 1040 734 1139 experimentum
759 1043 863 1116 huius
894 1042 945 1114 rei

51 1154 56 1181 ¹
94 1152 222 1251 fooeratg
241 1154 379 1267 'gunano
400 1170 471 1231 nu'si
489 1164 626 1245 oosfiue
635 1168 784 1249 sacculo,
811 1184 945 1250 erpere,

95 1284 360 1367 otakeomentim
397 1284 538 1367 nunquid
561 1286 684 1368 aliquid
705 1286 808 1367 defuit
829 1286 946 1348 vobis?

96 1396 130 1461 At
147 1398 190 1469 illi
212 1400 382 1487 dixerrurrr
413 1400 503 1462 Niln'l
523 1384 574 1491 a).

153 1618 351 1719 Considera
377 1650 489 1710 vero,
516 1648 625 1720 quarn
647 1621 847 1696 admirabili
875 1626 950 1697 fim.

96 1734 250 1833 plorate,
275 1740 336 1828 id,
364 1740 465 1837 quod
487 1739 537 1812 D.
561 1739 691 1815 Paulus
712 1740 739 1813 Ι.
762 1740 862 1813 Tim.
885 1742 949 1813 VI.

96 1860 122 1931 θ.
136 1856 233 1931 dicit:
258 1866 409 1951 Habentes
425 1867 591 1953 alimenta,
613 1878 645 1929 er
664 1866 774 1949 quibus
791 1880 949 1945 tegamur,

94 1976 132 2043 llr
147 1987 278 2047 nomenti
289 1980 405 2061 fimus,
426 1972 484 2047 hic
504 1972 805 2069 circumscriptum
823 1976 950 2048 habea·

94 2102 156 2177 tur,
188 2088 276 2163 dum
308 2088 572 2195 vulgarissimus
595 2088 709 2162 victus
737 2110 773 2162 et
797 2092 952 2164 vestium

50 2306 52 2313 Ι
93 2228 290 2305 apparatus,
316 2209 362 2281 ad
384 2208 494 2283 ictum
516 2234 649 2306 usque,
676 2226 717 2279 ut
740 2205 789 2287 ita
813 2207 950 2297 dicam,

90 2344 162 2399 acus
185 2344 465 2423 repraesentetur

50 2602 54 2612 ·
137 2558 216 2635 ¹De
241 2558 351 2633 nimia
376 2577 493 2657 autem
516 2556 694 2652 anxiaque
720 2579 803 2628 cura
830 2574 865 2627 et
890 2557 956 2627 sol·

50 2659 55 2711 ³
88 2672 349 2751 licitudinehic
376 2674 595 2773 agitantum
623 2676 681 2747 vel
713 2673 795 2743 data
823 2671 856 2746 S.
880 2672 958 2744 Au·

88 2792 224 2889 guatino
247 2792 409 2879 occasio,
428 2791 558 2864 librum
581 2787 759 2887 scribendi
781 2789 825 2861 de
846 2815 954 2885 opere

89 2912 340 2991 monachorum
373 2905 437 2999 b),
481 2907 544 3004 qui
583 2908 681 2980 omni
719 2908 869 2978 omnino
909 2907 955 2978 de

90 3026 188 3101 rebus
223 3024 440 3100 eiuscemodi
465 3022 701 3096 sollicitudine
731 3022 885 3109 abiecta,
920 3049 957 3094 se

85 3142 203 3243 potius
224 3144 371 3243 implere
390 3159 606 3239 praeceptum
625 3140 870 3233 evangelicum
887 3140 959 3211 exi·

84 3260 290 3348 stiniabant,
316 3259 539 3355 comprobat.
590 3255 771 3354 Apposite
790 3280 877 3328 vero
897 3254 957 3326 lib.

85 3374 128 3452 II.
147 3380 194 3452 de
207 3379 369 3455 sermone
383 3373 535 3449 Domini
551 3373 588 3446 in
605 3371 896 3455 monteadvertit
913 3370 961 3459 c),

85 3496 303 3571 documenta
327 3494 393 3567 ista
421 3520 497 3566 non
527 3493 615 3566 ficut
638 3490 821 3587 allegorias
848 3488 962 3560 discu-

86 3612 208 3687 tienda
229 3639 326 3698 esse,
347 3610 484 3708 posita,
503 3631 543 3684 ut
566 3611 610 3683 de
632 3611 738 3682 rebus
761 3605 960 3679 minoribus

88 3728 222 3805 maiora
250 3728 555 3827 persuaderentur.
619 3727 653 3819 Se
685 3725 963 3822 Chrysostomus

48 3970 50 4010 Ι
126 3914 157 3991 ι)
180 3916 241 3975 zue.
270 3912 379 3973 XXll.
406 3925 449 3980 ες.
537 3912 566 3981 l)
592 3910 622 3965 T.
648 3906 698 3966 Vl.
719 3914 830 3981 aas.

171 4006 205 4073 c)
229 3998 261 4057 T.
285 3996 393 4057 111.1’.
417 3996 457 4059 ll.
478 4008 505 4067 p·
529 4011 589 4057 220.
612 4013 638 4051 n.
663 4010 705 4061 52.
