2574 4682
365 333 601 394 Ξ
848 363 920 416 rrr

49 485 211 562 Christus
231 505 375 576 autem,
399 513 444 561 ne
463 517 699 587 appareamus
713 491 919 592 hominbus
944 475 1063 542 ΨΜ

49 606 257 691 ieiunantes,
282 606 344 677 sed
369 605 464 678 Patri
487 631 612 682 nostro
631 609 670 682 in
689 612 788 686 coelis
810 613 830 704 (
839 637 921 709 pro·
937 597 1068 658 mut

47 745 80 797 ut
100 724 266 820 singulari
286 722 418 818 pietate
441 724 487 796 ad
506 729 647 821 plenam
667 728 705 800 in
726 728 833 802 nobis
856 713 1073 802 mm
1159 749 1167 768 “

48 842 220 914 citandam
239 839 383 913 filialem
400 841 567 914 fiduciam
586 844 641 918 bis
660 846 721 918 hic
740 847 922 935 nominat.

39 968 98 1048 sed
118 969 208 1030 Patri
224 981 316 1045 tuo,
342 972 399 1050 qui
423 981 470 1032 est
491 973 525 1031 iu
550 971 745 1051 abscondo,
770 987 804 1036 et
823 975 925 1056 ιΡιιιιν

52 1099 139 1163 tuus,
165 1089 223 1168 qui
248 1088 354 1148 estin
378 1085 573 1166 abscondito,
605 1090 712 1152 reddet
730 1079 818 1171 tibi)
843 1083 925 1155 vult
983 1057 992 1070 ι

50 1192 241 1266 ieiunantes
262 1216 398 1288 ungere
423 1214 548 1290 caput,
577 1216 613 1269 et
633 1197 757 1271 faciem
783 1201 922 1272 lavares

50 1309 84 1381 id
107 1311 207 1406 quod
230 1311 388 1382 solemne
414 1309 483 1382 fuit
507 1313 605 1408 apud
631 1314 849 1402 Orientales,
874 1337 924 1389 at*

50 1452 113 1524 que
133 1429 229 1499 adeo
250 1425 348 1523 apud
380 1426 522 1500 Judaeos
545 1428 583 1499 in
617 1431 809 1519 conviviis,
834 1432 924 1506 diis·

50 1571 115 1640 que
130 1544 222 1616 laetis
246 1543 512 1632 occasionibus,
535 1565 577 1618 ut
599 1571 786 1644 appareret
801 1553 924 1625 vultm

51 1660 180 1749 hilaris,
209 1681 318 1757 prout
336 1660 374 1731 in
394 1660 497 1732 Ruth
521 1669 725 1762 exemplum
748 1667 924 1741 habemus

50 1778 136 1852 iussa
159 1805 182 1851 a
203 1779 308 1850 socru
327 1778 374 1849 ad
397 1781 610 1875 captandam
633 1783 924 1858 benevolentiam

52 1895 146 1969 Booz
167 1895 368 1993 propinqui
388 1905 496 1969 lanan
515 1921 548 1970 et
564 1927 675 1986 wigere
695 1929 746 1988 se,
776 1923 810 1974 et
835 1913 925 1974 indu·

52 2043 93 2085 erc
110 2023 292 2085 udtioribm
310 2024 500 2086 veementis
518 2012 570 2106 a).
621 2017 679 2089 Sic
696 2019 782 2091 dum
800 2019 926 2112 ludicii¹

54 2129 148 2202 XVI.
177 2154 216 2222 9.
241 2128 398 2202 exuisset
420 2155 458 2202 se
483 2132 698 2207 vestimento
721 2135 926 2226 viduitatis,

54 2246 291 2342 induissetque
324 2273 362 2318 se
394 2260 577 2322 vestimento
605 2262 715 2323 Ιιιὶιὶι
743 2265 778 2324 in
804 2265 929 2327 exulto·

54 2377 127 2437 tione
139 2373 283 2451 filiorum
303 2373 419 2451 Israel,
449 2377 541 2437 uttxit
548 2377 669 2454 sociem
677 2377 777 2456 suom
795 2397 929 2457 tunguen-

58 2503 102 2569 ιο,
131 2504 163 2555 et
191 2491 352 2566 codigctuz't
376 2493 528 2552 cincinnos
546 2489 626 2568 suos
654 2497 773 2572 nuno,
809 2501 930 2576 accepit

50 2605 153 2684 flotam
174 2623 291 2668 novam
310 2605 368 2668 'etc
418 2595 483 2668 Ad
503 2618 578 2668 rem
596 2598 701 2672 etiam
720 2603 929 2698 cumprimis

57 2737 103 2788 est
121 2709 248 2788 David
274 2712 366 2808 regis
389 2717 618 2810 exemplum,
652 2743 735 2790 cum
762 2719 930 2816 depreca-

57 2853 146 2905 retur
189 2858 258 2928 pro
300 2835 450 2928 paronio
489 2821 574 2904 filid
606 2835 843 2930 decumbente
880 2837 928 2910 ad

57 2971 203 3022 mortem
221 2969 254 3021 et
273 2960 426 3021 ieiunavit
442 2957 555 3022 David
569 2963 701 3043 tritono,
728 2974 759 3028 et
777 2953 930 3044 ingressus

46 3075 183 3153 ,scottum
200 3071 301 3142 idc'uit
308 3074 408 3161 super
429 3093 544 3144 terram
559 3066 619 3164 b)‚·
643 3093 787 3145 mortuo
809 3093 930 3146 autent

55 3210 165 3280 puero
197 3185 388 3260 surrexisse
418 3188 549 3260 dicitur
576 3190 622 3260 de
651 3207 760 3260 terra:
795 3212 826 3262 cr
848 3201 934 3264 lotus

55 3327 219 3397 ructusque
241 3325 310 3378 ert:
336 3331 465 3396 cumque
485 3325 794 3392 mutandorum,
819 3318 932 3392 ingrer-

55 3449 103 3491 sus
128 3441 176 3493 est
200 3433 326 3492 domum
351 3429 489 3492 Donum.
556 3421 657 3494 Idem
687 3419 813 3494 David
843 3425 953 3496 dum*

56 3534 181 3610 Psalm.
203 3533 341 3609 XLIV.
366 3538 544 3634 speciem,
569 3540 761 3626 decorem‚·
787 3563 824 3611 et
845 3557 932 3611 uno-

56 3653 187 3728 tionem
211 3653 346 3750 regiam
369 3656 479 3744 canit,
506 3665 604 3728 oleum
622 3667 731 3728 untia
750 3659 934 3751 appellat,

57 3795 124 3866 quo
140 3770 347 3867 inaugurari
362 3798 441 3844 mos
458 3791 512 3844 est
526 3797 628 3866 reges
648 3770 688 3840 in
703 3771 824 3841 verbis
843 3770 934 3860 illis,

59 3910 130 3982 que
176 3889 225 3960 ad
252 3887 436 3962 Christum
478 3891 541 3962 seu
580 3907 728 3960 unctum
777 3885 938 3977 Domini,

11 4141 12 4146 Ν
96 4037 355 4114 umerus
453 4035 805 4116 urtrexuss
