2438 4566
249 292 328 374 Alta
520 289 834 375 ,ΞΕ-5

143 449 256 530 CAPUT
282 449 326 520 rit
350 470 437 520 mox
459 444 620 518 laudatus
645 444 677 520 S.
698 445 850 518 lacobus
874 444 1071 523 Nisibenus
1094 447 1166 542 a).=

136 567 357 639 XXX1¹·h2ec
396 563 624 657 intelligenda
662 581 791 659 putas,
831 588 855 634 o
895 565 1162 640 dilectissime?

130 681 457 761 WVidistine
483 705 663 774 unquam,
698 699 860 752 mortuos
885 683 1033 778 sepelire
1069 711 1164 756 mor·

282 799 394 872 tuos?
446 797 645 889 Quomodo
683 798 830 892 surgunt
863 800 993 872 mortui
1030 801 1078 873 ad
1116 804 1164 874 le-

283 915 469 1014 peliendos
509 914 705 985 mortuos?
769 912 836 984 Sed
877 915 995 1023 accipe
1030 918 1191 990 horum·

284 1031 478 1106 verborum
504 1033 671 1102 sensum:
706 1028 904 1118 Peccator,
939 1034 1025 1106 dum
1050 1034 1163 1123 vivlt,

284 1169 447 1222 mortuus
471 1168 522 1220 est
544 1147 640 1243 apud
663 1110 808 1233 Dequ3
833 1166 867 1219 et
888 1147 1019 1236 iustus,
1044 1175 1164 1244 quam·

284 1267 339 1339 vis
362 1284 521 1337 mortuus
542 1265 600 1351 sit,
618 1261 707 1336 vivit
728 1263 773 1333 ad
794 1262 927 1334 Deum.
955 1265 1043 1338 Haec
1067 1293 1163 1339 mors

243 1378 246 1383 ⁵
283 1400 345 1454 tua
374 1384 517 1454 somnus
550 1400 610 1454 est.
626 1382 649 1428 ‘⁶
700 1378 788 1451 Non
818 1379 954 1452 abludit
977 1380 1010 1454 8.
1037 1383 1194 1455 loann-

198 1588 200 1592 Ι
286 1499 567 1595 Chrysostomua
603 1501 625 1568 l.
657 1522 687 1568 c.
725 1496 810 1567 dum
839 1496 1037 1586 existimat,
1074 1527 1165 1573 mor·

285 1635 387 1698 tuum
424 1615 522 1687 illum
558 1639 604 1684 ex
636 1611 833 1685 infidelium
869 1641 1020 1685 numero
1045 1615 1164 1692 fuisse.

285 1733 389 1826 Mox
423 1727 651 1802 nihilominus
688 1731 732 1801 ad
768 1728 873 1802 officii
908 1757 1021 1825 genus
1053 1759 1166 1806 recur-

275 1842 354 1933 =nit,
390 1848 489 1944 quod
527 1846 608 1918 alias
644 1845 771 1943 passim
802 1846 964 1919 Christus
990 1847 1066 1921 aliis
1094 1877 1166 1923 om·

259 1964 393 2036 ‘nibus
431 1964 532 2036 etiam
572 1989 653 2058 erga
696 1983 858 2060 parentes
899 1965 1166 2041 anteferendum

286 2080 449 2159 inculcat.
498 2131 520 2166 „
535 2079 652 2168 Nam,
680 2077 877 2175 inquito),
904 2080 1003 2152 lesus
1028 2081 1066 2152 id
1087 2111 1165 2180 pro·

286 2196 404 2287 hibuit
438 2196 530 2291 ipsi,
572 2223 647 2267 non
683 2196 782 2292 quod
817 2195 954 2267 iuberet
987 2198 1165 2272 honorem

282 2312 492 2414 parentibus
533 2311 691 2383 debitum
731 2332 983 2399 contemnere3
1027 2316 1090 2386 sed
1127 2336 1165 2389 ut

287 2430 516 2516 ostenderet,
551 2427 638 2500 nihil
669 2429 773 2501 nobis
802 2451 902 2524 aeque
929 2433 1165 2504 necessarium

289 2575 383 2636 esse,
405 2566 509 2642 atque
528 2570 583 2617 nes
601 2548 777 2633 coelestes,
798 2545 910 2642 iisque
928 2549 1064 2629 summa
1086 2551 1166 2627 cum

287 2663 472 2760 diligentia
499 2689 574 2751 esse
596 2661 899 2749 incumbendum
933 2689 998 2749 nec
1018 2647 1076 2737 vel
1096 2685 1166 2740 tan-

282 2787 400 2883 tillum
429 2778 687 2865 differendum,
723 2777 872 2849 etiamsi
885 2781 1080 2884 admodum
1110 2810 1165 2855 ur·

281 2903 402 3000 gentia
436 2896 627 2972 videantur-
661 2921 736 2979 esse
772 2921 839 2983 ea,
878 2921 956 2991 quae
992 2876 1062 2970 alio
1102 2920 1163 2972 tra-

207 3107 210 3111 .
276 3023 383 3106 'liunt
458 3014 558 3108 Quid
612 3011 705 3084 enim
747 3012 868 3108 magis
900 3016 1163 3104 necessarium,

279 3165 389 3236 quam
427 3133 573 3234 ‚sepelire
613 3130 819 3227 patrem?“
891 3129 940 3202 Et
971 3133 1097 3226 paucis
1134 3135 1165 3208 S.

278 3253 519 3345 ¹Ambrosius,
560 3300 582 3335 ,,
592 3274 673 3322 cum
700 3247 926 3344 religiosum,
961 3246 1080 3343 inquit
1107 3250 1164 3343 c),

281 3370 454 3446 humandi
492 3352 734 3466 acceperimus
771 3364 952 3439 officium:
993 3354 1163 3460 quemad·

280 3491 429 3562 modum
458 3488 516 3572 hic
545 3486 684 3583 paterni
716 3508 860 3580 quoque
891 3483 1024 3554 funeris
1054 3486 1164 3582 sepul·
1192 3494 1196 3507 '

281 3628 359 3680 tura
384 3589 618 3713 prohibetur
653 3600 722 3674 nisi
747 3620 787 3672 ut
809 3593 1005 3714 intelligas,
1042 3603 1163 3676 huma·

323 3806 353 3889 ι)
387 3805 460 3861 Hune.
489 3807 570 3868 VIII.
594 3826 620 3867 u,
644 3821 682 3882 3.
697 3805 727 3882 T.
755 3803 789 3864 V.
820 3802 887 3861 Bill.
912 3803 972 3876 ΡΡ.1
1002 3817 1029 3890 3.
1054 3806 1161 3866 LXVI.

368 3892 397 3962 lt)
421 3891 477 3945 loc.
502 3897 547 3942 cit.
569 3909 593 3942 n.
618 3904 643 3957 3.
663 3905 689 3960 3.
713 3901 774 3964 330.
862 3887 890 3960 c)
916 3865 1032 3955 Exposit.
1059 3891 1161 3959 Evang.

360 3956 497 4041 secuitdum
518 3972 613 4029 Bucam
633 3975 690 4034 Lib.
718 3973 785 4038 VII.
803 3986 833 4035 n.
859 3981 903 4040 34.
930 3970 962 4028 T·
985 3971 1059 4042 LI.
1081 3989 1159 4044 3439.
