2438 4566
254 282 329 359 286
579 266 814 302 ““““““

112 430 227 495 CAPM·
252 440 327 501 hum
341 436 449 516 fieret,
470 454 524 515 ego
535 434 631 516 sum,
656 427 743 499 dum
763 425 813 499 illi
829 424 1129 527 blasphemantem

89 548 411 645 fflxxssluapidare
436 549 574 619 volunt.
638 544 703 617 Est
730 546 822 632 hoc,
850 547 952 640 quod
979 548 1074 621 idem
1097 549 1125 623 S.

100 666 407 739 WvJoannes
437 661 540 735 initio
576 660 692 735 statim
720 662 908 758 Evangelii
932 665 987 737 sui
1018 669 1128 763 palam

253 782 382 855 edicit:
424 791 462 851 ln
480 789 637 871 principio
662 799 732 851 erat
761 789 907 868 Verbum,
942 803 976 855 et
1006 794 1124 856 Verbun

251 920 320 973 erut
340 906 426 988 apud
447 904 566 984 Deum,
593 914 624 968 et
646 904 731 967 Deus
753 914 823 968 erut
853 907 983 969 Verbum
1001 920 1058 973 etc.
1082 916 1122 971 at«

249 1042 321 1113 que
340 1014 387 1088 ita
405 1011 508 1086 etiam
525 1010 673 1110 primam
690 1013 788 1083 suam
809 1012 999 1111 epistolam
1017 1014 1122 1113 auspi·

248 1154 368 1205 catur:
411 1140 503 1225 Quod
517 1138 590 1218 fuit
615 1138 654 1200 ub
678 1141 792 1217 initio,
820 1143 907 1223 quod
929 1144 1119 1221 audivimus,

247 1261 332 1343 qumi
355 1258 491 1319 vidimus
515 1257 612 1318 oculis
637 1258 771 1333 nostris„
799 1258 886 1341 quod
896 1262 1116 1341 perspeximus,
1149 1339 1151 1350 Ι

247 1386 280 1439 et
303 1394 414 1437 munus
437 1384 545 1435 nostru
571 1385 837 1437 contrectaverunt
863 1377 902 1438 de
928 1378 1020 1440 uerbo
1045 1380 1115 1439 vite.
1146 1351 1151 1424 -Ῑ

249 1492 292 1554 m
310 1482 383 1555 vitu
407 1490 611 1571 manifestata
631 1500 701 1568 est,
734 1502 766 1553 tt
791 1491 952 1569 vidimus,
985 1503 1017 1555 et
1036 1502 1114 1555 testu·

249 1628 336 1687 mur,
363 1620 395 1672 et
414 1608 636 1670 annuntiamus
657 1606 746 1669 vobis
767 1611 871 1669 uitam
890 1620 1047 1687 uternam,
1062 1620 1114 1692 que
1146 1597 1151 1666 Ι;

245 1738 320 1790 erut
340 1726 429 1807 apud
453 1725 580 1787 Putrem
602 1734 633 1786 tt
655 1727 806 1806 apparuit
825 1726 921 1788 nolus⁴
974 1716 1063 1811 Quae
1080 1714 1112 1787 stt
1146 1679 1151 1802 i

247 1853 367 1905 autem
393 1830 468 1905 vita
486 1850 616 1903 aeterna
639 1830 747 1905 effato
769 1832 853 1928 ipso·
878 1832 1032 1905 Domini
1058 1832 1112 1905 Sal·
1146 1809 1151 1952 ⁴

246 1947 380 2025 vatoris
399 1945 498 2019 idem
519 1946 711 2020 denunciat
730 1946 768 2018 in
787 1948 989 2044 Evangelio
1007 1944 1110 2021 xvu
1141 1961 1151 2126 1

250 2089 284 2155 3.
312 2084 349 2138 ut
378 2082 561 2151 cognoscunt
589 2086 642 2152 te,
666 2073 775 2153 filum
802 2073 905 2137 Deum
932 2078 1112 2154 nnuman

150 2258 154 2267 ,
247 2211 338 2275 quem
356 2193 470 2254 misisti
491 2190 598 2262 Jesum
623 2160 786 2253 Christum.
848 2182 910 2255 De
933 2210 1007 2280 quo
1032 2181 1113 2255 idem

246 2294 331 2371 item
352 2296 508 2371 Joannes
538 2297 565 2369 Ι.
592 2318 629 2387 4.
654 2309 688 2370 in
712 2312 780 2390 ipso
796 2312 869 2372 uita
892 2322 979 2389 erut,
1005 2322 1035 2373 et
1052 2310 1113 2372 unu

247 2438 317 2490 erut
337 2425 395 2487 lux
417 2425 585 2491 nominum.
635 2424 678 2488 Et
698 2425 754 2487 lux
773 2426 805 2487 in
825 2428 955 2490 tenebris
975 2427 1067 2505 uacet,
1087 2428 1112 2485 tt
1132 2486 1135 2493 .

246 2544 369 2608 tenebra
388 2560 455 2604 eum
472 2561 532 2603 non
551 2540 848 2623 comprehenderunt,
896 2532 982 2607 Hoc
1002 2534 1046 2605 de
1066 2531 1112 2605 Ju-
1148 2531 1151 2612 ἔ

248 2650 332 2723 dacis
362 2648 544 2746 praecipue
572 2650 707 2721 dictum
733 2649 819 2737 fuit,
859 2649 923 2745 qui
951 2646 1110 2724 vitamin
1146 2617 1151 2796 Ξ

242 2764 394 2839 Christo
418 2763 562 2837 nonnisi
586 2766 777 2836 humanam
804 2767 1061 2861 agnoscebant,
1082 2778 1110 2835 et

245 2881 334 2951 dum
364 2880 520 2951 divinam
547 2875 609 2950 fibi
636 2879 780 2968 tribuit,
813 2882 971 2978 lapidare
996 2886 1109 2957 volunt

243 2994 561 3092 blasphemantem.
613 2993 907 3094 Blasphemantes
928 3027 1018 3077 vero
1040 3018 1110 3073 cuns
1143 3057 1151 3116 Α

244 3112 373 3187 Judaeis
405 3111 591 3186 Christum
618 3111 774 3188 Arianos
798 3115 884 3189 inde
912 3119 1017 3191 etiam
1043 3137 1107 3213 per·
1146 3121 1151 3218 J

243 3230 385 3326 stringit
410 3231 444 3307 S.
466 3230 703 3319 Athanasius,
739 3234 836 3307 unde
858 3235 975 3309 Judaei
1002 3238 1107 3308 locun

243 3368 486 3445 acceperunt,
524 3368 564 3422 ut
594 3350 731 3446 lapides
761 3351 798 3423 in
830 3377 913 3425 eum
946 3356 1104 3427 tollerent.
1146 3341 1151 3412 i

242 3464 368 3558 „Quis
387 3464 529 3551 Deum,
556 3465 674 3561 inquit
690 3464 749 3558 u),
777 3487 813 3539 et
830 3468 1059 3566 Sapienum,
1076 3478 1103 3534 et

242 3581 406 3656 Verbum
427 3581 539 3655 Patris
562 3608 603 3654 ea
625 3609 739 3672 voce,
764 3610 845 3658 cum
865 3587 912 3658 de
932 3586 1043 3685 seipso
1060 3584 1101 3653 Ιο·

240 3700 381 3793 quitur,
403 3719 560 3774 utentem
580 3701 747 3790 audiens,
771 3702 815 3775 de
832 3706 982 3776 veritate
1001 3700 1099 3779 adhuc

241 3816 424 3911 ambiget,
464 3844 531 3892 nec
569 3817 684 3891 statim
719 3818 841 3891 credet
873 3819 946 3895 hoc
977 3816 1097 3899 verbo,

282 3964 315 4043 a)
338 3967 409 4024 Orat.
430 3965 457 4024 1.
480 3969 679 4028 contraitum
705 3970 737 4029 T.
761 3970 786 4029 1.
804 3982 832 4045 p.
854 3982 918 4043 417.
