2438 4566
211 297 286 374 33¹0
530 258 766 330 ΞΕ

63 418 184 500 Cum
212 431 333 507 reiecit
355 429 565 530 synagoga?
591 427 644 501 At
661 425 842 501 evanescit
862 427 988 503 omnis
1010 427 1085 504 diffi-

88 554 163 611 xcl.
213 555 348 650 cultas,
385 549 413 622 si
437 546 659 633 attendatur,
697 546 798 644 quod
823 546 899 620 hoc
929 549 1037 643 etiarn
1056 548 1086 621 iu

38 645 199 741 ΜΝ
213 673 294 765 lege
312 688 346 741 et
364 663 548 764 prophetis
565 664 848 762 praefiguratum,
872 656 1087 761 praedictum,

210 807 251 862 ct
272 787 393 882 suapte
414 807 637 878 consequens
658 802 749 868 erat,
771 802 813 855 ut
831 801 940 857 vetus
960 785 1091 858 cederet-

129 920 134 924 ’
211 928 315 977 ιιονο
340 919 577 984 testamento,
600 899 715 998 figura
737 899 788 971 rei
809 899 1001 996 figuratae,
1027 928 1088 975 um·

210 1021 279 1094 bra
297 1018 446 1092 veritati.
513 1014 633 1087 Nemo
659 1015 844 1090 Pharisaeis
871 1017 1088 1094 avidiusex·

188 1207 191 1211 ,
211 1135 397 1233 spectabat
413 1132 614 1219 Messian,
642 1159 750 1206 nemo
772 1133 888 1212 acrius
911 1161 952 1208 se
978 1135 1088 1209 errori·

212 1255 281 1326 bus
307 1251 454 1324 aliarum
483 1250 655 1324 sectarum
681 1251 773 1325 circa
798 1252 1015 1349 religionem
1041 1254 1086 1326 Ju-

171 1410 173 1414 ν
215 1369 352 1463 daicam
383 1366 607 1451 versantibus
642 1368 854 1465 opponebat
891 1372 992 1444 secta
1030 1371 1084 1442 hac

211 1485 489 1572 Pharisaeorum,
512 1485 568 1558 'de
587 1510 670 1581 .qua
694 1486 866 1582 gloriatur
896 1513 1019 1560 coram
1045 1489 1084 1559 A·

211 1603 344 1702 grippa
361 1627 503 1698 causam
528 1602 650 1676 dicens.
674 1600 755 1675 Act.
781 1603 930 1677 XXVI.
956 1606 988 1678 S.
1011 1630 1084 1702 apo·

211 1720 503 1829 stolusossPauluse
536 1728 871 1813 ,Quoniamficundum
892 1735 1082 1796 certissimam

200 1847 324 1929 sectam
348 1859 454 1908 nostrae
477 1847 631 1922 religionit
654 1849 727 1908 vixi
748 1847 932 1912 Paarrsaeus.
985 1839 1080 1936 Igitur

210 1957 313 2051 super
348 1954 550 2027 cathedram
584 1953 760 2050 Moysis,
799 1954 864 2027 ubi
894 1956 1018 2030 omnia
1043 1953 1079 2028 ad
1122 1957 1124 1967 ’

209 2091 403 2149 venturum
445 2069 621 2142 Messiam
659 2071 908 2168 pertinebant,
951 2083 1079 2171 eratque

181 2212 192 2220 ‘⁴
208 2187 319 2286 ipsius
346 2186 507 2283 Moysis
522 2171 737 2284 apertissima
763 2189 808 2260 de
833 2187 986 2264 Christo
1005 2214 1099 2287 pro·⁴

156 2404 159 2408 ‚
210 2305 355 2410 phetia,
384 2303 611 2396 sedentibus,
646 2305 684 2376 id
711 2323 763 2377 est
787 2304 862 2377 eius
891 2285 1112 2380 doctrinam¹

208 2422 492 2523 proferentibus,
511 2422 615 2518 'eique
631 2421 883 2495 inhaerentibus
897 2423 1079 2509 Ph'arisaeis,
1099 2466 1101 2470 >

208 2536 411 2617 faciendum
428 2539 528 2612 iubet
545 2538 725 2625 Christus,
743 2565 822 2639 quae
841 2540 980 2617 dicunt.
1004 2541 1080 2630 „Le-

207 2660 285 2756 gis,
311 2660 393 2731 sunt
411 2657 523 2732 verba
538 2657 574 2731 S.
601 2657 722 2734 Hilarii
744 2654 803 2747 a),
832 2657 938 2729 dese
965 2678 1080 2732 testans

93 2821 99 2836 ·
208 2778 252 2848 tis
277 2775 425 2872 gloriam
445 2773 627 2870 praetulit,
664 2791 743 2868 quae
767 2774 959 2870 imaginem
989 2776 1026 2848 in
1049 2797 1104 2847 st*

204 2894 335 2966 futurae
363 2889 517 2962 veritatis
552 2907 782 2985 expresserat
831 2890 889 2962 *In
920 2893 1080 2965 omnibus

203 3009 301 3082 enim
325 3005 457 3079 Christi
476 3005 710 3083 meditabatur
729 3008 934 3084 adventum.
977 3009 1081 3104 Quid·

93 3120 95 3124 ’
202 3127 291 3222 quid
309 3125 403 3198 enim
422 3123 458 3196 in
477 3151 519 3198 ea
538 3125 802 3212 continebatur,
824 3126 861 3197 in
883 3129 1081 3222 profectum

122 3237 127 3243 ’
203 3245 469 3314 manifestandae
513 3242 586 3314 eius
632 3243 846 3338 cognitionis
891 3257 1081 3319 assumtum

203 3378 276 3433 est.¹
310 3359 441 3430 dubet
470 3358 577 3456 igitur
608 3359 798 3458 praeceptis·
824 3345 1081 3464 Pharisaeorum

202 3468 458 3573 bbten'rperari,
486 3477 569 3575 quia
591 3479 628 3549 in
648 3478 780 3575 Moysi
802 3478 972 3552 cathedra
991 3481 1081 3553 sede·

198 3599 287 3670 rint:
315 3595 422 3672 iubet
433 3594 524 3690 legis
543 3595 718 3668 mandatis
739 3594 907 3667 omnibus
931 3597 1079 3683 obediri,

197 3715 304 3787 feda
322 3713 418 3787 factis
441 3710 563 3786 eorum
578 3726 682 3808 atque
702 3712 871 3810 operibus
890 3713 1060 3792 abstineri
1067 3742 1077 3799 ;

197 3849 242 3903 ut·
268 3845 389 3903 mores
410 3831 596 3905 hominum
625 3850 732 3926 atque
758 3829 976 3920 infidelitas,
1005 3857 1075 3905 non

205 3978 262 4064 ¹e)
283 3980 421 4048 Commeat.
440 3996 469 4048 in
484 3974 587 4048 Maria.
606 3952 661 4066 cap.
682 3994 796 4054 XXIV.
815 4013 841 4049 n.
863 4011 887 4051 1.
905 3994 933 4067 p
953 4003 1016 4065 Μ’,
1034 3957 1069 4025 ³!
