2566 4680
348 299 588 344 'ffl-

836 333 910 406 303

47 465 241 541 humilitatis
273 470 476 562 exemplum
504 483 546 536 ut
572 461 750 552 vidimus,
794 463 910 540 statuit
937 460 1052 526 ΟΜ

47 581 221 681 ρατῆιΙυῐη
246 583 283 654 in
309 583 428 655 medio
455 609 598 668 eorum3
624 581 722 654 aliud
739 608 827 654 vero
844 581 1076 654 vir-LXXXV!-

49 701 127 796 ginis
156 700 276 772 matris
307 701 375 770 iam
410 698 529 794 primo
560 698 812 771 incarnationis
841 702 912 771 suae
932 703 1075 766 VN.

50 836 220 888 momento
235 817 339 888 nobis
352 813 564 912 proponitur
577 819 798 912 exemplum,
819 822 916 888 exul·
1005 895 1009 903 ,

49 933 140 1005 tantis
160 933 197 1003 in
222 930 309 1002 Deo
331 931 470 1004 salutari
496 932 578 1002 luo:
605 941 707 1024 Quia,
735 932 845 1020 canit,
872 964 917 1007 re·

50 1062 140 1139 spexit
156 1058 365 1120 bumilitatem
386 1055 594 1134 ancillaesuae,
620 1075 685 1119 ecce
705 1061 783 1122 enirn
804 1079 842 1122 ex
860 1062 917 1124 baa

48 1176 160 1236 beatam
183 1193 231 1235 me
251 1175 350 1235 dicent
371 1191 473 1233 omnes
493 1176 711 1247 generationes.
763 1166 843 1238 Nec
866 1188 919 1242 est

49 1279 311 1356 convenientius
348 1282 554 1375 exemplum
585 1301 709 1354 contra
743 1284 918 1380 sapientes

48 1398 118 1470 illos
136 1418 171 1472 et
188 1398 397 1493 prudentes,
421 1423 443 1468 a
462 1394 591 1490 quibus
609 1396 818 1471 abscondita
836 1428 919 1473 con-

51 1517 160 1588 fitetur
193 1512 378 1598 Christus,
405 1537 483 1606 quac
510 1514 664 1584 revelata
688 1515 770 1585 sunt
794 1542 919 1610 parvu-

48 1633 103 1720 lis,
128 1633 206 1727 ipsa
227 1630 293 1701 hac
314 1628 451 1724 virgine
475 1629 617 1714 Maria,
644 1656 751 1726 quarn
776 1641 923 1722 beatam,

50 1749 212 1846 praedicat
241 1767 392 1841 cognata
415 1746 620 1834 Elisabeth,
650 1775 715 1839 qna
744 1761 923 1839 credidisti,

51 1878 188 1957 qnoniam
206 1870 405 1954 perficientia·
429 1891 489 1950 ea,
526 1890 589 1954 pue
616 1873 791 1954 dictasunt
819 1877 875 1938 tibi
903 1873 925 1938 la

51 1991 176 2052 damino
204 1975 255 2068 a).
308 1978 400 2070 Quae
425 1974 564 2051 herbata
591 1981 637 2051 ad
660 2003 840 2078 aspectum
866 2011 924 2056 an-

51 2099 114 2193 geli
139 2096 383 2170 annunciantis
406 2097 457 2168 ei:
489 2106 564 2167 Ecce
590 2109 737 2187 concipies
757 2111 790 2170 in
816 2123 922 2188 atero,

53 2239 79 2286 et
95 2228 200 2308 paries
214 2222 338 2300 filiam,
364 2212 489 2309 quaerit
506 2212 669 2308 quidem:
697 2224 855 2312 Quomodo
868 2225 927 2302 fiet

52 2343 148 2418 istud,
177 2343 323 2422 quoniam
346 2346 529 2401 autemnon
551 2341 722 2430 cognosco?
750 2331 818 2402 Sed
840 2333 928 2406 dum

55 2448 88 2519 in
118 2469 197 2520 tuto
226 2447 378 2543 positam
408 2448 505 2518 luam
533 2445 771 2538 virginitatem
803 2447 929 2520 intelli·

54 2565 118 2659 git,
146 2566 304 2659 dumque
319 2562 481 2660 Spiritum
493 2563 650 2636 sanctum
670 2561 785 2648 audit,
810 2585 845 2636 et
863 2565 934 2636 vir-.

54 2701 160 2754 tutem
182 2680 374 2768 Altissimi,
397 2678 486 2751 nihil
510 2680 660 2776 amplius
682 2680 744 2751 fibi
763 2681 930 2777 indagan·

56 2800 137 2870 dum
161 2798 354 2885 existimat,
379 2797 520 2869 illorum
541 2794 650 2868 morex
664 2798 707 2869 de
731 2797 860 2893 quibus
878 2799 929 2872 D.

56 2914 184 2988 Paulus
198 2923 356 3006 sceptrum
383 2917 488 2988 refert
511 2911 567 3005 b):
597 2925 728 2987 Perdam
741 2925 935 3007 sapientiam

47 3039 255 3122 sapientiam,
277 3054 308 3102 et
324 3043 523 3121 prudentiam
542 3043 739 3120 prudentiam
760 3045 934 3123 reprobabo.

59 3148 210 3240 Qualem
234 3146 396 3217 nimirum
423 3145 464 3216 se⁴
486 3145 617 3216 Paulus
642 3146 774 3216 Christi
798 3167 938 3243 aposto·

56 3267 126 3335 lum
152 3289 240 3335 mox
268 3262 422 3333 declarat
446 3259 504 3352 e),
532 3289 591 3331 non
617 3275 650 3332 in
664 3270 862 3350 sublimitate
870 3273 939 3353 ster·

58 3377 173 3466 raonis,
207 3400 265 3450 ant
281 3388 472 3468 sapientie.
501 3434 509 3450 .
540 3435 549 3450 .
577 3388 620 3448 Et
636 3387 746 3498 sermg
767 3407 873 3466 meus,
909 3402 952 3452 eb
1052 3447 1055 3453 .

53 3507 230 3585 pradicatio
252 3524 321 3567 enea
340 3501 451 3566 nonin
466 3505 718 3596 persuasibilibus
736 3506 873 3566 bumana
881 3503 940 3582 sa·
1020 3545 1022 3550 -

54 3612 175 3702 pientia
194 3623 314 3700 uerbis,
330 3621 392 3700 fed
413 3625 445 3685 in
467 3625 634 3683 ostensione
644 3621 799 3702 spiritus,
826 3633 858 3680 et
876 3623 943 3685 virs

60 3743 160 3800 tntis:
188 3750 224 3798 nt
243 3737 321 3814 fides
340 3749 448 3799 vestra
475 3758 535 3801 non
549 3735 594 3814 stt
615 3741 647 3798 in
662 3735 825 3814 sapientia
847 3735 944 3796 lromi-
990 3745 992 3756 ’
1127 3781 1144 3820 ,

61 3873 155 3932 nam,
183 3851 246 3932 sed
273 3856 306 3916 in
332 3858 451 3917 virtute
481 3853 548 3915 Dei.
621 3850 812 3930 Sapientiam
839 3864 944 3918 anteat

102 3995 133 4068 a)
145 3994 207 4052 zue.
222 3992 303 4074 L45.
386 3992 453 4069 b)I.
474 3996 526 4051 cor.
540 3993 564 4054 1.
581 4006 623 4060 19.
636 4042 646 4059 ,
708 3989 738 4068 e)
750 3989 789 4047 1r.
810 4006 836 4048 s.
850 4006 877 4059 4.
893 4001 940 4048 ere.
