2438 4566
320 284 611 358 tffl'
730 343 733 349 ·
856 299 940 382 381-

44 439 174 527 ¹uenit,
202 440 302 538 quod
322 438 431 513 Judaei
453 438 658 535 sperabant,
684 465 835 537 regnum
859 441 935 514 Dei
956 439 1072 504 ΘΗΜ

54 585 140 632 cum
167 557 439 642 observatione,
467 556 504 627 id
533 573 611 641 est,
638 583 719 630 cum
746 559 935 654 splendore
994 559 1042 615 ⁰1⁶

57 696 229 762 externo,
269 697 477 771 pompaque
506 672 624 767 regia,
667 700 708 746 ac
737 678 1087 772 potestate,⁹W

51 818 131 888 qua
166 791 352 885 fingebant
384 774 560 859 Mesffiam
596 791 835 864 subiecturum
873 791 937 863 srbi

56 927 184 1004 gentes
214 927 250 978 et
280 903 543 976 dominaturum
570 902 607 976 in
640 908 729 980 folio
760 905 885 980 David
918 933 942 980 a

56 1023 282 1118 mariusque
305 1021 350 1091 ad
373 1046 489 1093 mare:
518 1046 584 1092 neo
608 1022 940 1097 animadvertebant

57 1141 104 1212 ad
126 1139 234 1211 verba
255 1136 408 1224 Christi,
436 1135 533 1232 queis
557 1137 644 1232 ipsis
666 1165 815 1236 regnum
837 1142 939 1213 suum

58 1256 271 1331 denunciat:
294 1264 368 1325 Ecce
388 1265 467 1325 enim
484 1282 608 1338 regnum
630 1263 689 1325 Dei
708 1269 793 1328 intra
811 1286 869 1329 uos
887 1277 942 1328 est.

58 1373 270 1445 Conversus
295 1370 401 1465 igitur
430 1370 474 1440 ad
502 1368 697 1466 discipulos
723 1373 803 1444 suos
830 1376 941 1444 multa

59 1489 111 1562 eis
132 1488 351 1585 praenunciat
366 1504 450 1584 post
469 1503 619 1556 mortem
636 1486 732 1556 suam
752 1507 826 1559 tum
847 1489 941 1585 ipsis,

58 1633 143 1680 cum
174 1604 278 1676 etiam
311 1604 408 1698 genti
436 1601 588 1673 iudaicae
620 1627 661 1674 ac
692 1603 835 1674 demum
864 1604 955 1682 unis,
1065 1600 1080 1621 ⁴

56 1746 167 1795 verso
197 1720 320 1815 generi
352 1720 508 1793 humano
548 1739 717 1792 eventura
751 1719 866 1793 subito
902 1745 943 1790 ao
1037 1717 1040 1762 s

57 1838 262 1935 insperato:
291 1836 388 1932 genti
412 1836 558 1931 quidem
582 1835 736 1907 iudaicae
763 1834 944 1908 excidium

59 1955 158 2027 urbis
182 1951 510 2049 Hierosolymitanae
531 1971 615 2047 post
630 1943 821 2025 adventum
842 1955 944 2026 [uum

59 2073 96 2143 in
126 2069 271 2155 orbem3
307 2069 429 2164 generi
453 2069 611 2141 humano
637 2069 857 2141 eversionem
886 2096 945 2141 οτι

60 2186 118 2257 bis
148 2206 228 2256 ante
258 2186 451 2256 adventum
479 2186 580 2261 fuum
611 2185 656 2256 ad
684 2184 854 2257 iudicium
886 2211 947 2258 ex·

61 2323 234 2386 tremum,
262 2326 340 2395 quae
366 2300 440 2372 duo
464 2325 530 2373 ceu
557 2301 670 2397 figura
695 2322 730 2374 et
754 2286 945 2399 figuratum
972 2299 974 2301 ¹

60 2418 123 2492 hic
149 2437 185 2491 et
206 2417 290 2490 alibi
316 2417 591 2510 coniunguntur.

109 2687 112 2692 ·
138 2640 200 2726 De
221 2649 275 2726 his
294 2650 399 2747 igitur
420 2672 500 2724 cum
521 2646 738 2722 disseruisset
757 2652 814 2725 hic
843 2642 946 2726 Chri-

61 2789 159 2844 stus:
201 2781 421 2861 Respondentes
451 2779 556 2841 dicunt
582 2777 652 2836 iiii:
698 2777 754 2838 Ubi
785 2779 946 2842 Domine?
984 2756 1014 2793 '¹

63 2899 126 2981 Qpi
149 2898 233 2959 dixit
257 2897 338 2957 iilis.-
381 2896 552 2977 Ubicunque
572 2893 677 2972 suerit
707 2914 838 2976 corpus,
875 2897 948 2975 iiius

63 3014 325 3090 congregabuntur
350 3023 381 3074 et
406 3012 512 3092 aquila
539 2997 588 3090 a).
659 3001 785 3074 Graece
816 3003 950 3103 ’πτῶμα

63 3119 238 3206 habetur5
275 3120 335 3190 seu
357 3117 514 3191 ¹cadaver
538 3115 639 3212 apud
665 3117 885 3190 Matthaeum
908 3117 946 3210 b)

42 3237 166 3331 ¹quod
203 3234 331 3332 passim
372 3233 486 3329 ipsum
527 3231 658 3305 Christi
698 3235 849 3307 cadaver
884 3237 947 3310 feu

55 3352 250 3424 TChristum
283 3349 547 3446 vHierosolymis
587 3350 743 3423 occisum
770 3351 952 3449 interpre-

66 3470 203 3541 tantur:
232 3465 277 3538 ad
299 3467 399 3539 cuius
421 3465 516 3538 urbis
542 3465 720 3539 excidium
744 3468 846 3540 etiam
873 3470 952 3542 haee
1024 3502 1025 3506 ¹

67 3584 179 3658 'dictio
202 3586 349 3656 refertur
374 3585 470 3679 apud
494 3582 627 3655 Lucam
651 3607 685 3657 et
711 3585 952 3673 Mart-haum„

64 3703 237 3798 quimox
260 3719 344 3796 post
366 3725 441 3771 eam
466 3687 590 3796 incipit
617 3699 662 3770 de
687 3699 830 3770 excidio
854 3702 954 3774 orbis

65 3817 185 3914 loqui,
205 3817 256 3889 uti
274 3820 376 3889 etiam
391 3817 514 3890 Marc.
536 3815 638 3887 XIII.
660 3839 717 3903 24.
739 3815 825 3887 Luc.
844 3818 963 3891 XXL

95 3961 131 4034 ω)
147 3965 222 4055 aaa
235 3961 338 4019 xm
359 3965 403 4030 36.
423 3972 467 4031 37.
534 3956 567 4034 i)
584 3949 687 4045 Matri.
707 3961 820 4019 xxiia
840 3973 886 4024 ιε,
938 3998 942 4006 ⁴
