2594 4672
393 321 630 398 '····-·..-.......‘·-
669 373 680 396 ,
819 415 824 426 ι
901 367 950 433 23

75 509 119 565 na
160 489 410 590 posthabenda
445 492 642 565 divinis?“
692 491 724 565 S.
756 489 949 590 Gregorius
975 489 1091 554 ΟΜ

71 636 94 681 2
119 611 249 699 nobis,
277 610 338 706 qui
364 609 495 682 animas
518 610 636 710 odisse
659 610 821 684 iubemur
846 639 951 710 prop·
973 610 1096 668 ΧΧΧΠ·

70 746 123 798 ter
153 728 266 802 vitam
291 747 479 813 aeternam,
505 726 543 796 in
571 729 719 800 eandem
745 707 1107 802 sententiam&

69 865 321 938 argumentum
339 844 469 948 repetit
484 843 521 913 in
541 867 616 940 cap.
634 845 697 916 VI.
719 845 797 918 tob.
841 846 952 938 „Qui

24 941 28 954 ⁸
68 959 187 1047 eninr,
218 961 339 1034 scribit
366 982 428 1050 a),
457 959 616 1032 districto
644 961 782 1048 studio,
810 981 846 1034 et
874 989 951 1034 non

73 1077 253 1152 dissolutis
281 1078 458 1174 gressibus
481 1099 623 1150 aeternae.
642 1079 845 1174 sponsionis·
862 1105 952 1177 prae·

63 1193 177 1266 'mium
208 1197 425 1290 sequuntur,
461 1195 548 1266 sicut
573 1195 779 1290 semetipsos
806 1223 872 1292 pro
900 1196 950 1268 di·

64 1311 154 1384 vino
188 1338 309 1384 amore
341 1311 566 1408 despiciunt,
604 1312 650 1384 fio
683 1331 834 1399 cuncta,
874 1313 949 1408 qui-

66 1426 136 1499 bus
184 1454 222 1500 se
252 1428 407 1500 sentiunt
436 1427 648 1524 praepediri,
698 1448 947 1525 postponuntt

71 1565 216 1618 etcum
248 1572 314 1642 pro
345 1545 431 1616 Deo
461 1563 603 1616 necesse
635 1563 711 1630 est,
750 1565 789 1616 ut
819 1547 948 1640 quibus

68 1665 211 1750 valent,
248 1661 382 1733 cunctis
413 1662 627 1751 inserviant,
665 1689 734 1757 pro
765 1661 851 1735 Deo
882 1664 949 1760 pri·

68 1799 148 1850 vata
194 1775 369 1873 obsequia
412 1779 513 1854 otiam
558 1779 767 1878 propinquis
806 1799 947 1878 negant.

68 1893 164 1968 Hinc
195 1917 248 1968 est
275 1895 390 1981 eninr,
421 1897 519 1990 quod
548 1896 714 1989 quidam,
749 1923 829 1968 cum
859 1897 950 1968 diee-

68 2032 141 2083 ret:
183 2023 332 2090 Permitte
361 2021 437 2082 milri
462 2025 552 2102 prius
580 2025 646 2097 ire,
684 2035 714 2083 et
731 2021 862 2102 sepelire
889 2025 950 2082 Pu-

69 2148 143 2198 trem
175 2158 299 2208 meum:
333 2112 488 2202 veritatis
515 2154 578 2208 ore
604 2129 767 2225 protinus
793 2130 948 2202 audivit:

68 2252 136 2316 Sine
164 2267 201 2322 ut
231 2257 346 2315 mortui
362 2254 518 2335 sepeliunt
544 2267 678 2316 mortuos
695 2254 796 2332 suos,
831 2269 866 2318 tu
895 2273 952 2316 uro.¹

68 2381 126 2432 tem
156 2372 262 2447 vade,
294 2374 445 2432 annuntia
470 2391 593 2447 reguum
607 2372 688 2434 Dei.
741 2363 825 2456 Qua
849 2363 886 2444 in
912 2390 952 2436 re

70 2479 270 2554 notandum
295 2497 365 2564 est,
391 2477 474 2573 quia
497 2478 841 2574 electus'discipulus
866 2481 952 2550 dum

68 2619 87 2664 a
115 2594 276 2690 parentis
302 2595 480 2690 sepultura
510 2593 766 2689 compescitur,
801 2596 872 2672 hoc
895 2598 953 2666 de·

66 2731 196 2792 votum
225 2735 403 2808 quemque
431 2709 599 2781 exhibere
628 2711 716 2806 patri
739 2721 881 2783 mortuo
907 2737 953 2784 ex

68 2828 199 2900 affectu
221 2828 351 2898 carnali
369 2845 515 2924 propter
534 2826 735 2899 Dominum
757 2855 830 2900 non
853 2828 952 2916 licet,

69 2949 170 3040 quod
203 2966 352 3042 propter
379 2945 583 3018 Dominum
613 2965 648 3017 et
674 2945 803 3020 exteris
831 2945 951 3024 debet.

73 3061 163 3145 Hine
190 3088 330 3136 rursum
358 3065 487 3136 veritas
519 3061 624 3134 dicit:
653 3071 686 3133 St
710 3076 780 3150 quis
802 3075 889 3134 uenit
910 3072 959 3142 nst

68 3209 139 3272 me,
167 3203 203 3252 et
227 3209 287 3258 non
317 3189 384 3252 odit
402 3187 660 3271 putremsuutn,
687 3199 718 3248 et
744 3197 898 3264 matrem,
925 3198 957 3249 et

68 3325 222 3383 uxorem,
251 3318 281 3367 et
296 3304 381 3382 filios
394 3352 411 3382 ‚
430 3321 461 3368 et
470 3305 614 3384 fratres,
642 3313 673 3372 tt
681 3367 686 3382 ,
688 3299 806 3382 sorores
819 3351 830 3392 ⁵.
838 3325 841 3334 ⁴
856 3304 960 3374 adbuc

66 3438 174 3486 mrtem
207 3434 237 3484 et
267 3425 404 3494 animam
422 3419 541 3500 fliam,
577 3441 635 3488 non
655 3433 763 3501 potest
787 3439 872 3481 meres
896 3437 961 3482 esso

65 3539 250 3621 discipulus.
301 3529 387 3622 Quo
403 3529 440 3600 in
459 3532 541 3600 loco
558 3527 741 3614 videlicet,
771 3528 856 3610 dum
877 3551 958 3621 pro-

66 3648 290 3746 pinquorum
332 3646 440 3735 odio,
484 3645 609 3744 animae
647 3668 796 3739 quoque
828 3661 958 3714 nostroe

70 3768 197 3848 odium
244 3762 483 3850 subinfertur,
528 3781 694 3859 patenter·
731 3759 956 3846 ostenditur,

69 3882 153 3978 quia
194 3881 243 3952 fic
283 3879 533 3976 propinquos,
590 3878 679 3949 ficut
718 3875 1003 3976 nosmetipsos„

102 4021 139 4108 ir)
162 4032 223 4095 Lib.
250 4027 315 4090 Vll.
339 4047 364 4091 n.
388 4045 431 4100 41.
461 4031 492 4092 T.
515 4029 540 4102 b.
560 4043 586 4121 p.
610 4041 671 4108 23¹·
698 4083 701 4086 ,
793 4123 795 4128 Ι
