2608 4684
701 314 706 322 ⁶
1031 320 1036 338 ι

312 457 313 464 Ν
370 349 443 435 314
551 369 555 376 ·

224 485 340 554 cmv
369 517 400 569 ct
425 501 587 568 invenietis
616 504 750 585 requiem
775 506 936 568 animabus
959 506 1096 574 vestris:
1131 503 1234 583 Jugum

201 601 355 658 fflXVH·
368 627 447 686 enim
486 641 586 684 meum
612 619 719 700 suave
756 632 829 699 est,
856 631 887 683 et
923 640 1000 683 onus
1038 641 1138 685 meum
1169 624 1232 686 leve.

211 701 511 826 WNempe
544 749 613 799 tam
643 729 751 800 suave
781 747 855 814 est,
893 747 933 801 ut
963 755 1001 801 se
1030 729 1233 802 baiulantem

365 874 443 920 non
472 845 652 943 permittat
677 844 805 916 sentire
834 842 1105 940 fatigationem
1142 865 1234 942 atque

362 987 435 1038 tam
458 967 560 1050 leve,
588 981 630 1034 ut
651 950 701 1033 de¹
724 986 769 1032 se.
784 982 972 1035 oneratum
993 964 1170 1059 portando
1191 963 1234 1034 su·

363 1082 537 1154 stentet.“
588 1078 643 1149 Sic
665 1077 860 1150 secundum
881 1077 916 1150 S:
939 1079 1159 1168 Bernardum
1183 1076 1232 1168 a):

365 1195 503 1285 „Libet
528 1193 712 1282 admirari,
738 1219 846 1289 quam
862 1179 953 1270 ¹leve
978 1198 1019 1268 fit
1047 1222 1136 1270 onus
1159 1195 1235 1269 veri·

288 1351 290 1364 ι
362 1313 454 1386 tatis.
518 1311 621 1383 Num
649 1337 733 1384 vere
764 1313 846 1384 leve
872 1332 945 1400 est,
981 1315 1082 1409 quod
1106 1333 1233 1410 portan-

362 1449 435 1522 tem
457 1454 532 1501 non
552 1448 698 1524 gravat,
719 1428 780 1500 sed
798 1430 920 1501 levat?
948 1430 1048 1522 Quid
1072 1457 1115 1504 eo
1133 1429 1233 1510 levius

363 1573 498 1634 onere,
525 1547 630 1642 quod
659 1571 735 1616 non
764 1546 878 1618 solum
907 1573 983 1620 non
1014 1566 1158 1634 onerat,
1181 1546 1233 1618 sed

320 1685 321 1688 ’
364 1685 400 1737 et
417 1683 545 1760 portat
570 1688 742 1748 omnem,
766 1661 824 1734 cui
850 1664 1069 1758 portandum
1093 1662 1232 1761 imponi-

361 1783 484 1856 tur?“
535 1780 589 1852 Sic
609 1779 642 1850 S.
668 1777 877 1851 Franciscus
903 1779 1053 1854 salesius
1080 1802 1119 1854 ut
1139 1763 1232 1852 inelli·

362 1901 442 1972 fluo
468 1894 609 1970 doctori
636 1895 782 1989 iungam
809 1915 990 1992 pastorem
1016 1899 1230 1982 mellifluum,

362 2016 487 2110 iugum
514 2011 646 2084 Christi
675 2012 783 2086 suave
812 2011 920 2100 dicit,
960 2034 996 2087 et
1021 2042 1113 2089 onus
1140 2019 1229 2099 leve,
1279 2077 1280 2086 ,

363 2129 558 2229 quiaillud
578 2127 741 2200 Christus
764 2128 972 2218 nobiscum,
997 2152 1032 2206 et
1049 2159 1117 2231 pro
1140 2131 1231 2204 nobis

361 2275 428 2347 per
451 2246 598 2343 gratiam
620 2247 717 2317 suam
743 2264 872 2341 portat.
920 2247 1051 2334 „C'est
1078 2275 1128 2321 un
1152 2246 1231 2342 joug
1280 2245 1281 2276 ³

364 2369 456 2438 dont
470 2363 587 2435 Nfitre
601 2360 772 2458 Seigneur
787 2381 891 2460 porte
909 2391 981 2436 une
995 2385 1093 2462 part,
1112 2363 1169 2461 qui
1179 2365 1230 2438 fait

362 2488 398 2557 le
417 2500 513 2568 tout,
534 2506 591 2553 car
607 2479 632 2550 il
650 2499 753 2576 porte
770 2505 864 2553 nous
881 2482 1014 2554 memes
1034 2507 1120 2561 avec
1138 2484 1227 2569 ⁵n‘t‘nre

362 2601 503 2694 charge.
515 2599 538 2634 “
588 2594 740 2700 L'esprit
756 2595 802 2668 de
819 2595 852 2668 S.
871 2596 928 2671 Fr.
949 2597 990 2671 P.
1008 2598 1054 2671 ΙΙ.
1073 2625 1104 2674 c.
1121 2623 1156 2698 4,

374 2745 379 2872 ἶ
405 2749 541 2871 ἠοῖρὶει.
565 2791 609 2856 7²·
632 2797 658 2846 n,
682 2797 708 2848 ᾳ.
736 2779 768 2839 Τ.
790 2778 816 2844 1·
836 2793 863 2864 p.
887 2793 931 2854 ⁷3·
