2438 4566
253 280 325 363 ιβ

108 418 226 497 clm
248 433 418 515 xeratfsi
435 432 497 501 nis.
544 429 696 496 Dominus
714 415 919 519 respondit:
953 431 1054 510 Vola,
1075 420 1138 501 ille

139 547 196 608 LV·
245 541 482 640 praemiserat:
517 548 609 613 Potes
639 569 688 613 me
719 552 877 615 mundare.
946 540 1136 619 Dominus

88 664 233 733 W*
247 660 387 757 iungit,
415 679 450 733 et
474 657 580 731 dicit:
608 667 774 732 Mundum.
842 658 933 733 Non
950 686 1070 757 ergo,
1093 678 1134 736 ut

246 778 408 884 plerique
430 776 621 850 latinorum
642 795 788 875 putant,
813 776 1042 876 iungendum
1062 797 1130 869 est,

248 918 285 977 et
311 897 528 992 legendnm,
566 895 629 973 sed
660 895 870 992 seperatim,
893 915 949 971 -ut
976 897 1132 994 primum

137 1038 150 1083 ,ι
246 1014 363 1087 dicat:
398 1024 498 1099 Volo,-
525 1012 656 1085 deinde
682 1013 859 1111 imperans
885 1013 1006 1086 dicat:
1044 1021 1132 1089 nm

246 1135 360 1207 dare.“
384 1130 485 1204 Facit
501 1131 592 1219 huc,
610 1131 712 1228 quod
729 1132 855 1204 eodem
873 1130 1017 1204 Matth.
1035 1128 1129 1203 VIII.

245 1271 304 1336 24.
326 1268 508 1338 narratur,
543 1250 631 1322 dum
656 1249 856 1323 dormiente
882 1247 1036 1323 Christo
1059 1256 1128 1321 uu

243 1386 348 1437 motus
379 1395 509 1453 mugnus
533 1375 647 1456 factus
673 1381 777 1442 estin
801 1379 900 1455 mori,
938 1380 991 1439 itu
1021 1387 1060 1439 ut
1078 1390 1129 1439 no·

241 1492 351 1556 oicrrlo
370 1497 542 1574 operiretur
555 1459 730 1570 fluciibrrr.
760 1541 768 1557 .
797 1540 806 1557 .
838 1493 1064 1573 Tuncsurgem
1078 1494 1129 1555 im·

234 1612 369 1691 perunit
389 1613 512 1688 ventis,
539 1622 571 1672 et
592 1614 697 1690 mari,
726 1623 757 1675 et
769 1610 868 1691 fucta
890 1623 937 1673 est
959 1608 1130 1695 tranquilli·

148 1706 151 1712 ⁵
244 1738 296 1796 tus
314 1744 439 1804 magno,
490 1727 590 1789 Porro
609 1728 746 1795 homiues
766 1729 876 1803 mirati
881 1725 964 1805 sunt
975 1728 1128 1791 dicentem

244 1846 355 1926 Qualis
379 1857 424 1907 est
448 1845 516 1924 nic,
543 1848 621 1928 quia
646 1849 736 1908 uenti
760 1856 792 1909 et
816 1862 902 1907 mure
926 1844 1074 1908 obediunt
1092 1842 1129 1907 ei.

171 2024 177 2040 ,
241 1951 332 2023 Non
361 1952 696 2050 poterantquippe
731 1979 809 2026 non
840 1951 1005 2038 divinum
1034 1946 1130 2047 quid·¹

240 2069 336 2166 piam
358 2070 418 2142 hic
441 2095 649 2166 agnoscere.
690 2070 792 2142 Idem
813 2070 945 2166 nempe
968 2066 1130 2142 Verbum

241 2187 423 2275 divinum,
444 2209 485 2260 ut
501 2188 539 2259 in
559 2187 739 2261 creatione
761 2186 907 2275 mundi,
935 2181 1037 2260 suam
1059 2210 1132 2259 om·

239 2305 477 2401 nipotentiam
496 2304 556 2377 hic
576 2305 754 2378 ostendit:
782 2316 940 2401 Quoniam
960 2316 1029 2397 ipse
1049 2312 1135 2377 uixit

242 2445 273 2495 et
281 2431 489 2511 factasunt,
511 2436 576 2515 ipse
592 2434 757 2496 mondavit
777 2405 814 2494 et¹
828 2427 1037 2510 croatosunt.
1064 2428 1133 2491 Stu-

241 2553 307 2611 tuit
330 2568 368 2613 eu
392 2554 425 2611 in
450 2562 594 2615 aternum
618 2562 650 2613 et
675 2553 709 2612 in
725 2549 873 2630 sacculum
888 2546 1026 2626 suculis
1057 2560 1133 2629 pra·

238 2680 362 2747 ceptum
372 2670 505 2748 posuit,
532 2680 564 2729 et
590 2688 651 2731 non
666 2667 838 2748 preteribit
863 2651 914 2746 a).
967 2655 1065 2750 Qttae
1088 2653 1132 2729 de

235 2773 451 2847 immutabili
476 2774 539 2847 illo
568 2773 765 2863 coelestium
797 2798 996 2870 corporum
1024 2772 1137 2861 solis,-

238 2895 332 2965 lunae
354 2918 397 2964 ac
419 2891 598 2970 stellarum
620 2915 728 2962 cursu
747 2888 836 2962 dicit
856 2893 1011 2988 psaltes,
1034 2908 1149 2988 post-¹

239 3035 350 3104 quam
368 3022 428 3096 ea,
448 3006 607 3080 inanima
627 3004 794 3101 quidem,
815 3008 861 3080 ad
875 3007 1134 3093 celebrandum

238 3127 403 3201 divinum
433 3151 568 3207 nume-n
598 3143 871 3220 provocaverat.
940 3125 1128 3201 Habemus

239 3245 473 3317 nihilominus
493 3243 563 3315 iam
582 3241 621 3311 in
641 3240 756 3314 veteri
778 3259 993 3323 testamento
1012 3268 1129 3317 exem·

220 3367 357 3460 plum,
385 3386 460 3457 quo
490 3358 723 3433 confunditur
747 3342 962 3434 sectatorum
984 3361 1131 3451 hodier-

226 3490 367 3557 'norum
388 3477 527 3581 ‘perfidi
555 3477 716 3574 Spinozae
743 3474 858 3548 Judaei
884 3477 1033 3561 stultitia
1061 3476 1129 3571 b),

128 3599 147 3639 ·“
236 3597 445 3684 effutientis,
472 3593 680 3669 mutabilem
703 3594 782 3666 fore
806 3592 948 3684 Deum,
977 3595 1007 3669 si
1025 3596 1145 3683 mira·x

237 3717 316 3786 cula
350 3734 531 3811 patraret;
567 3712 740 3810 siquidem
771 3717 868 3810 leges
903 3733 1041 3791 naturae
1076 3714 1149 3795 nil}¹

202 3927 207 3935 '
237 3831 333 3903 aliud
355 3833 438 3920 fint,
462 3861 569 3929 quam
586 3831 661 3914 Dei
680 3836 870 3919 voluntas,
892 3857 973 3930 quae
990 3822 1149 3933 invem-³

198 3962 201 3968 ’
279 3980 309 4059 a)
332 3982 427 4039 nm.
454 3983 609 4042 carauni.
695 3981 726 4062 a)
751 3983 838 4045 nan
861 3985 934 4065 mn.
952 3989 1031 4071 pou,
1053 4006 1079 4049 c.
1095 3991 1124 4047 s
