2566 4680
228 229 584 362 oi...-

837 353 909 416 30¹

44 483 169 558 ratione
212 479 303 554 vidit
347 487 485 568 elatos,
524 507 586 554 eos
625 503 759 567 terret,
777 485 785 500 '
802 501 910 574 atque
938 496 1055 559 erm

43 605 82 674 ad
128 598 359 672 humilitatem
404 619 553 671 revocat
597 606 766 696 exemplo
810 600 887 670 eius
903 611 1080 684 ‚mm

43 719 94 814 qui
123 715 257 813 primus
281 713 522 812 superbiendo
547 719 720 789 cecidit“
785 720 918 791 Exem·
933 731 1077 786 VW

44 841 133 932 plum
163 835 209 905 ad
241 859 317 903 rem
347 833 519 929 imprimis
548 833 681 906 illustre
712 835 752 906 in
781 836 915 909 virtute

45 951 329 1048 expellendorum
352 947 556 1020 daemonum
579 950 751 1023 habemus
770 954 808 1023 in
826 953 916 1025 Pau·

44 1074 74 1142 lo
99 1067 253 1163 simplice
279 1066 312 1137 S.
333 1066 486 1138 Antonii
509 1059 707 1162 discipulo,
733 1070 779 1140 ad
805 1097 914 1165 quem

44 1187 187 1281 ipsemet
215 1185 422 1279 desperatos
451 1203 589 1255 mittere
617 1186 754 1258 [olebat
783 1188 915 1260 daemo·

45 1303 181 1387 niacos,
210 1326 278 1395 pro
302 1301 364 1370 sua
388 1298 607 1383 humilitate3
633 1328 843 1396 congressus
867 1306 918 1376 ni·

44 1418 258 1502 hilominus,
294 1436 334 1486 ut
364 1415 397 1485 St
422 1415 642 1486 Athanasius
672 1417 709 1486 in
741 1421 815 1490 eius
844 1422 917 1494 vita

47 1555 155 1606 narrat
178 1559 261 1605 cum
288 1529 512 1628 philosophis
536 1527 765 1618 „Rationem
793 1563 918 1632 expos-

47 1652 201 1726 centibus
223 1651 268 1720 de
285 1649 358 1720 fide
384 1669 504 1721 nostra
524 1649 559 1720 in
580 1646 784 1739 Christum,
808 1653 921 1724 niten-

47 1771 205 1864 tibusque
233 1786 356 1861 argute
383 1767 428 1838 de
455 1767 584 1837 divinae
611 1769 726 1839 crucis
752 1770 922 1864 praedica·

49 1887 137 1957 tione
158 1884 299 1955 ridendi
323 1909 427 1955 causa
449 1884 683 1980 disputare,“
709 1886 839 1980 quibus
860 1888 921 1958 ille

49 2002 131 2074 iuter
152 2001 221 2073 alia
245 1998 289 2072 ad
313 2027 386 2072 rem
413 2020 647 2096 praesentemt
674 2003 788 2088 „Nos
809 2027 921 2091 certe,

49 2121 109 2206 ait,
154 2117 332 2190 christiani
362 2143 437 2188 non
471 2119 510 2188 in
544 2119 715 2214 sapientia
743 2121 922 2194 rationum

49 2261 234 2330 graecarum
255 2233 459 2330 mysterium
484 2235 678 2322 habemus,-
705 2238 767 2308 sed
793 2237 830 2308 in
855 2239 924 2310 vir·

51 2375 117 2425 tute
149 2352 260 2436 fidei,
297 2375 375 2446 quae
408 2377 429 2420 a
457 2350 545 2423 Deo
575 2355 681 2424 nobis
713 2381 777 2450 per
803 2357 923 2428 Jesum

52 2469 226 2541 Christum
254 2463 512 2563 suppeditatum
561 2468 675 2559 Quod
698 2490 815 2540 autem
839 2499 926 2552 vera

51 2587 111 2658 smt
133 2610 211 2681 quae
235 2587 387 2679 loquor,
402 2584 498 2655 hinc
524 2585 796 2680 comprobatur,
824 2587 927 2680 quod

53 2731 113 2775 uos
150 2704 234 2774 licet
273 2703 451 2772 literarum
489 2699 629 2794 ignari,
675 2702 850 2774 credimus
888 2703 926 2774 in

54 2819 190 2907 Deum,
218 2845 259 2891 ac
282 2837 348 2915 per·
370 2817 444 2890 eius
472 2844 581 2915 opera
605 2819 716 2920 ipsius
742 2821 790 2890 in,
807 2821 929 2892 omnia

54 2937 308 3034 providentiam
331 2937 506 3009 novimus.
534 2935 646 3030 Quod
666 2959 782 3010 autem
801 2939 929 3012 efficax

56 3058 91 3128 fit
108 3077 229 3128 nostra
252 3055 359 3139 fides,
387 3053 470 3125 hinc
493 3055 710 3142 ostenditur,
736 3057 836 3150 quod
865 3045 929 3128 noss

56 3175 103 3244 bis
133 3175 206 3246 fide
236 3171 273 3244 in
302 3169 483 3241 Christum
511 3169 667 3256 innixis,
705 3171 811 3242 vobis
840 3198 929 3244 vero
1039 3237 1043 3248 .

5 3321 6 3330 ¹
56 3289 249 3386 sophisticis
274 3286 616 3384 disceptationibus,
641 3307 760 3359 vestra
785 3288 931 3384 quidem

6 3426 7 3451 ³
57 3406 232 3478 idolorum
259 3425 425 3502 portenta
451 3396 662 3490 abolentur,
690 3426 810 3478 nostra
840 3433 931 3480 vero
981 3484 986 3493 ,

59 3524 142 3595 fides
164 3522 297 3618 ubique
323 3543 552 3618 propagatur.
615 3520 693 3592 Vos
717 3522 933 3618 argumentis

61 3659 92 3710 et
108 3639 380 3737 sophismatibus
399 3639 577 3710 neminem
599 3639 867 3710 christianorum
886 3639 933 3708 ad

61 3758 300 3854 paganismum
342 3755 546 3844 traducitis;
590 3784 674 3828 nos.
698 3756 808 3828 fidem
851 3780 934 3849 erga

4 3955 5 3958 Ἴ
52 3873 240 3968 -Christum
254 3875 440 3960 docentes,
455 3895 606 3946 vestram
619 3869 934 3966 minuimussuper·

4 4009 5 4096 ᾗ
44 3979 49 3992 ’
65 3992 258 4082 sotionem,
284 3991 560 4089 agnoscentibus
574 3987 740 4064 omuibus
756 3987 935 4062 Christum
