2566 4680
857 373 931 446 205
968 327 972 334 ’

67 499 135 597 gia,
163 520 197 572 et
221 525 305 574 usus
327 499 431 574 etiam
454 500 703 599 proximorum
728 503 932 578 [aeculorum
961 503 1078 570 citui·

67 636 222 706 testatur,
234 618 380 715 ‘placuit
396 619 608 692 fermentum
630 619 650 714 (
659 640 699 694 ut
719 647 765 693 ex
785 620 935 694 decretis
965 629 1078 710 txvtt.

28 823 31 828 Ι
66 735 296 823 Melchiadis,
319 735 450 822 Siricii,
471 755 505 808 et
522 736 722 812 Innocentii
738 737 809 810 ΡΡ.
823 738 934 812 Rom.
953 745 1097 811 ΜΛΝ

66 857 172 950 palam
197 850 269 944 fit)
298 878 431 928 vocare
460 853 713 927 Eucharistiam
740 854 847 952 (qute
870 857 936 928 fer·
1005 873 1008 878 “

16 999 17 1050 3
64 970 165 1043 menti
187 970 297 1044 instar
316 968 475 1044 fidelium
497 970 670 1044 unionem
688 969 836 1063 foveat)
861 975 936 1071 my·

65 1087 144 1160 stico
172 1088 379 1182 intellectu,
407 1113 483 1160 non
512 1113 624 1176 vero,
651 1090 751 1188 quod
779 1089 816 1161 in
842 1116 942 1187 pane

15 1187 17 1272 i
64 1205 267 1276 fermentato
300 1224 504 1278 consecrata
532 1189 665 1295 fuerit(
693 1228 734 1281 ut
763 1207 938 1280 Mabillo-

15 1369 17 1410 ς
65 1322 135 1395 nius
157 1320 322 1416 singulari
343 1321 589 1394 dissertatio‘ne
614 1335 652 1396 de
672 1339 793 1415 Azymo
816 1347 847 1397 et
865 1334 938 1397 Fer·

15 1447 17 1516 5
65 1461 193 1511 mentato
221 1457 297 1510 tum
328 1438 432 1510 etiam
454 1437 672 1534 -ptaefatione
702 1441 739 1511 in
769 1443 842 1514 saec.
873 1441 938 1513 111.

14 1589 16 1612 τ
67 1555 146 1629 Otd.
174 1555 208 1628 S.
230 1555 367 1630 Bened.
393 1555 670 1643 demonstravit,
697 1555 743 1628 ab
765 1555 844 1653 ipso
866 1583 941 1630 nas·

65 1674 165 1746 centis
183 1671 355 1746 Ecclesiae
376 1671 527 1746 exordio
548 1672 678 1745 latinos
699 1672 830 1770 azymis
852 1698 942 1746 usos

66 1789 160 1864 tuisse
188 1789 226 1861 in
252 1785 495 1876 Eucharistia3
522 1789 584 1862 sed
611 1809 685 1863 tum
711 1815 757 1863 ex
783 1791 854 1862 iam
878 1815 941 1863 no·

66 1925 129 1980 tata
153 1907 293 1980 ratione
319 1908 488 2004 mystica,
523 1903 563 1980 ut
593 1905 752 1980 ecclesiis
777 1905 823 1980 a'd
851 1932 941 2004 quas

16 2083 17 2088 ,
66 2023 286 2112 mittebatur,
325 2025 488 2097 fermenti
524 2023 635 2096 instar
669 2043 760 2100 esset
794 2025 940 2098 unionis

16 2214 17 2218 ,
68 2139 150 2214 inter
172 2142 318 2228 fideles,
339 2142 450 2217 veluti
467 2139 679 2214 fermentum
697 2165 818 2214 massae
839 2141 942 2239 panis

15 2335 18 2360 Γ
68 2259 318 2331 commixtum:
346 2277 420 2330 tum
446 2256 548 2332 etiam
570 2259 617 2330 ad
644 2260 835 2356 tegendum
861 2285 942 2358 pro·

15 2456 16 2464 ἵ
67 2375 148 2450 fanis
179 2376 229 2448 rei
253 2377 357 2448 sacrae
386 2399 553 2448 arcanum
578 2399 645 2473 pro
673 2401 776 2449 more
799 2377 941 2449 illorum

14 2563 15 2566 ,
72 2509 288 2590 temporum,
341 2514 447 2588 quem
492 2489 734 2566 schelstratius
777 2491 943 2586 fingulari

14 2689 15 2692 Ἴ
70 2621 230 2705 operede
252 2589 416 2701 diiciptiniz
436 2619 544 2697 arcani
565 2633 595 2682 c.
618 2633 653 2697 7.
678 2605 945 2680 demonstravit.

111 2844 205 2918 Rem
222 2857 312 2916 vero
330 2839 443 2942 ipsam
461 2835 562 2940 quod
580 2839 723 2928 attinet,
741 2834 829 2938 quid
848 2866 944 2937 aper·

71 2959 149 3047 tius,
171 2961 261 3057 quid
284 2959 482 3048 disserens,
506 2959 744 3055 assertiusque
765 2979 841 3032 esse¹
862 2985 945 3056 pos·

50 3073 108 3147 'sit
124 3077 180 3150 itta
205 3076 340 3151 Christi
362 3076 553 3180 sententian:
586 3087 662 3146 caro
687 3098 775 3171 tnta,
799 3105 872 3148 vere
896 3097 944 3150 est

70 3204 165 3266 tibus.-
186 3203 360 3287 etsanguis
380 3217 464 3266 meus
481 3219 554 3264 vere
574 3208 620 3264 est
636 3207 741 3280 potus.
779 3191 841 3262 Ad
861 3217 940 3287 quae
996 3177 998 3182 ι

70 3310 172 3383 verba
189 3311 301 3407 „quid
315 3310 377 3382 fibi
391 3313 468 3382 vult
479 3307 595 3381 illud?
613 3305 736 3403 quaerit
745 3305 776 3378 S.
788 3307 816 3379 J.
829 3307 943 3407 Chry-

72 3449 241 3502 sostomus
255 3428 290 3499 in
302 3429 336 3500 h.
351 3431 373 3500 l.
385 3422 425 3517 a)
442 3421 606 3499 Autvult
619 3421 830 3519 significare,
845 3425 942 3496 hunc

68 3565 140 3616 esse
155 3571 240 3628 vere
254 3545 389 3627 cibum,
405 3544 467 3640 qui
483 3542 634 3616 animam
648 3544 780 3628 servet3
794 3561 855 3613 aut
865 3542 944 3612 vult

74 3657 168 3733 dictis
180 3660 249 3732 suis
260 3660 368 3732 fidem
378 3661 508 3748 facere,
524 3687 569 3734 ne
581 3657 754 3758 putentid
764 3657 865 3752 quod
876 3655 946 3729 dio-

73 3793 140 3849 tum
163 3778 247 3865 fuit,
275 3777 423 3873 aenigma
444 3781 502 3851 vel
527 3777 732 3874 parabolam
756 3773 854 3858 ess'e3
883 3775 945 3846 sed

76 3891 190 3982 sciant,
215 3915 382 3990 oportere
400 3895 551 3968 omnino
572 3913 703 3987 corpus
720 3891 945 3964 comedere.‘·‘

110 4042 140 4118 ι)
164 4043 240 4102 Hom.
263 4043 383 4106 XLVII.
407 4047 436 4101 in
457 4044 534 4111 Jottn.
565 4061 591 4104 n.
617 4057 642 4101 t.
659 4035 701 4106 Ὺ.
727 4037 810 4098 11111.
829 4053 857 4112 p.
879 4053 940 4106 ης.
