2438 4566
305 284 377 367 362
625 272 860 313 ‘'¹⁸¹''

155 423 571 529 Carvesymphoniam,
593 448 638 495 ex
656 426 875 518 populorum
886 420 993 495 vario
1008 444 1179 498 conventu
1212 362 1215 447 i

152 548 266 605 xcvll.
304 549 435 620 choros
456 543 574 627 audit,
595 554 630 612 e't
654 540 799 612 introire
821 565 896 610 non
917 543 1001 611 vult
1023 567 1088 637 per
1104 542 1180 614 invi·

143 664 289 723 ”W
304 667 397 738 diam
409 661 493 734 soris
506 660 616 742 stans,
638 657 723 727 dum
737 656 904 753 gentilem
919 656 1066 731 sratrem
1081 659 1179 755 pristi·

245 766 254 789 ¹
301 778 736 855 nisiudicatethorretex
749 773 956 859 moribuss
946 800 1005 869 ips
1007 774 1180 875 epaternis

197 939 200 945 ·
301 899 407 971 bonis
419 922 455 966 se
468 893 607 977 eximit,
620 892 696 987 ipse
711 917 747 962 se
764 891 917 1009 paternis
933 894 1096 965 excludit
1108 919 1178 989 gan·

303 1014 370 1087 diis
388 1032 453 1083 etc.
468 1015 490 1048 “
543 1010 654 1101 Quod
682 1034 768 1079 vero
793 968 956 1079 Christo
971 1009 1123 1111 accidit,
1146 1028 1178 1083 ut

297 1128 463 1204 Pharisaei
479 1147 513 1200 et
529 1126 649 1198 scribae
665 1124 792 1195 offensi
808 1148 1088 1215 murmurarent,
1106 1127 1178 1222 qnia

297 1266 507 1345 peccatores
525 1240 735 1339 recipiebat,
754 1241 825 1313 hoc
843 1241 938 1313 idern
960 1266 1089 1341 postea
1106 1244 1179 1339 apo·

297 1364 400 1437 stolis
423 1361 590 1457 contigit,
610 1358 987 1463 indignantibusillis,
1011 1362 1073 1458 qui
1090 1378 1177 1457 erant
1213 1373 1215 1387 '

183 1539 186 1557 2
299 1508 347 1553 ex
362 1476 768 1572 circumcisione,quod
786 1477 1029 1572 Evangelium
1048 1481 1093 1551 ad
1105 1503 1177 1573 gen·
1213 1570 1215 1575 Ι

296 1617 352 1669 tes
378 1598 581 1669 deferretur.
632 1592 856 1687 Sustinetqne
883 1596 929 1667 ad
951 1596 1053 1669 hunc
1074 1619 1176 1691 usqne

299 1714 393 1789 diem
413 1739 500 1808 gens
520 1710 667 1787 Judaica
690 1736 880 1805 personam
903 1711 966 1784 filii
988 1713 1082 1785 illius
1103 1710 1177 1785 seni·

205 1834 209 1839 '
269 1832 369 1921 foris
396 1830 434 1905 in
459 1829 652 1924 parabola,
681 1827 850 1922 quicum
879 1829 1215 1929 appropinquaret

295 1947 446 2019 veniens
475 1972 520 2018 ex
552 1970 662 2040 agro,
701 1945 910 2041 audiretque
936 1945 1173 2045 symphoniam

297 2085 334 2136 et
357 2065 531 2150 chorum,
559 2058 730 2159 quodque
753 2082 852 2159 pater
877 2064 1033 2137 vitulum
1053 2064 1173 2161 sagina·

290 2203 373 2255 tum
393 2180 601 2266 occidisset,
619 2205 665 2255 ac
687 2199 843 2275 parasset
861 2185 1004 2277 epulas,
1023 2182 1108 2278 quia
1122 2182 1173 2252 sal·

281 2324 382 2373 'vum
402 2300 543 2369 fratrem
562 2298 715 2393 recepit:
739 2308 922 2411 Indignatur
942 2322 991 2372 est
1011 2322 1042 2372 et
1063 2308 1173 2371 nolebat

295 2428 435 2489 introire.
484 2425 546 2484 Pat
534 2435 580 2485 ter
605 2442 674 2500 ergo
700 2424 782 2485 illins
804 2443 939 2501 egressus
962 2430 1056 2517 cepit
1075 2440 1171 2502 rogare

295 2562 383 2621 enm,
411 2551 445 2604 et
465 2532 636 2603 hactenus
660 2550 864 2628 exspectat:
894 2558 961 2607 nec
984 2560 1080 2607 vana
1102 2535 1171 2631 spes

281 2671 363 2737 ··est,
383 2676 455 2744 qua
471 2647 548 2719 steti
566 2674 633 2720 nos
652 2649 790 2721 exsilio
809 2648 963 2746 prodigo
982 2646 1171 2748 praest‘osari

292 2766 467 2863 patienter
498 2766 639 2835 fratrem
674 2786 834 2837 nostrum
866 2767 1042 2840 seniorem
1074 2768 1170 2840 debe·

292 2909 390 2968 mus,
413 2900 497 2977 post
517 2879 722 2954 diuturnum
744 2884 937 2977 equidem
926 2910 998 2957 ram
1016 2908 1167 2983 tempus,

289 3022 367 3117 qno
391 2994 443 3068 illi
466 2994 558 3069 dixit
583 3018 702 3093 pater:
730 3010 792 3070 Fili
810 3025 845 3072 ιιι
851 3010 976 3093 semper
993 3032 1111 3076 mecum
1126 3032 1168 3088 es,

287 3137 322 3186 et
341 3128 445 3189 omnia
465 3143 534 3186 men
556 3124 721 3204 tunsone:
744 3142 823 3212 quae
844 3139 883 3190 ut
904 3120 1126 3216 aliquando
1116 3142 1167 3192 rte·

289 3259 370 3304 xum
399 3233 484 3318 smt,
512 3233 667 3328 satagere
693 3260 760 3304 nos
785 3255 952 3332 oportet,
980 3264 1024 3309 ac
1048 3260 1174 3334 rogare·

286 3349 459 3420 instanter
477 3350 654 3421 coelestem
673 3349 832 3421 Patrem·
824 3354 1068 3457 ,neutiquam
1086 3378 1162 3429 vero

285 3466 335 3538 eis
354 3464 557 3537 reddere
520 3490 638 3537 vicem
656 3465 935 3561 indignationis
925 3498 962 3541 m
982 3492 1093 3570 capnt
1108 3496 1161 3543 no·

282 3604 414 3671 strum,
438 3607 543 3679 quam
569 3581 620 3654 illi
645 3584 816 3658 hactenus
841 3586 1046 3664 sustinent
1035 3614 1074 3665 ιιι
1092 3590 1156 3663 suo
