2594 4672
63 478 200 603 inquit,
234 501 384 602 primam
409 501 645 599 piscationem
670 498 734 574 ubi
758 498 941 576 uideamus
969 495 1085 562 ΒΑΜ

67 623 280 716 Ecclesiam,
305 621 418 717 qualis
441 638 494 692 est
510 618 546 689 in
569 617 637 691 isto
657 637 827 716 ternpore.
863 619 942 693 Do·
984 617 1078 674 XXX·

68 741 181 812 minus
204 739 304 812 Jesus
326 735 465 809 invenit
489 733 682 831 discipulos
700 739 784 810 suos
807 733 1097 835 piscar-“W

67 876 135 945 tes,
157 859 304 953 quando
322 852 476 952 primum
497 876 558 924 eos
576 853 743 942 vocavit,
766 873 808 927 ut
823 856 944 952 seque·

72 993 187 1046 rentur
210 999 301 1045 eum.
366 971 477 1043 Tunc
505 987 580 1044 tota
603 989 710 1046 nocte
731 971 820 1044 nihil
841 999 945 1070 cepe·

70 1109 157 1162 runt.
209 1090 268 1163 Eo
295 1106 413 1161 autem
439 1086 541 1175 viso,
569 1089 758 1163 audierunt
778 1089 824 1162 ab
849 1089 942 1164 illo:

68 1215 186 1280 Mittite
213 1219 304 1279 retia.
357 1214 510 1291 Domine,
544 1203 737 1302 inquiunt,
757 1235 817 1298 per
842 1227 945 1284 totam

69 1333 180 1398 norrun
204 1325 284 1395 cinit
308 1335 462 1414 cepimus,
482 1315 546 1410 seo
565 1335 629 1394 eece
644 1333 678 1394 in
694 1332 786 1395 verbo
805 1343 860 1396 tuo
880 1339 945 1399 rete

67 1454 229 1513 mittimus.
278 1439 484 1526 Miserunt,
511 1437 658 1511 iubente
685 1438 943 1537 omnipotente.

71 1558 166 1651 Quid
191 1556 288 1631 aliud
310 1555 434 1654 potuit
458 1554 554 1642 fieri,
581 1554 650 1628 nisi
675 1555 776 1652 quod
797 1557 856 1630 ille
881 1583 947 1633 vo·

71 1674 221 1750 luisset?
261 1670 330 1746 Sed
357 1689 474 1746 tamen
502 1665 630 1746 eodem
653 1657 733 1770 ipso
761 1673 856 1749 facto
886 1657 946 1750 ali-

69 1792 307 1894 quidnobis,
330 1810 371 1864 ut
390 1780 483 1878 dixi,
509 1790 609 1886 quod
634 1816 739 1865 nosse
760 1791 948 1889 expediat,

69 1909 263 2004 significare
278 1908 517 2004 dignatusest.
536 1907 653 1982 Missa
667 1909 747 1982 lunt
759 1909 853 1983 retia.
871 1909 948 1982 Ad-

69 2026 136 2097 lruc
152 2025 338 2099 Dominus
353 2024 515 2097 nondum
535 2045 607 2098 erat
623 2050 764 2121 passus,
783 2027 947 2102 nondum

68 2129 318 2216 resurrexerat
345 2141 555 2214 misserunt
568 2141 669 2214 retia:
690 2159 865 2240 ceperunt
877 2163 952 2216 tan.-

71 2277 145 2331 tum
163 2260 337 2357 piscium,
354 2278 395 2331 ut
407 2260 480 2332 duo
494 2259 633 2360 navigia
645 2261 896 2358 implerentur,
915 2279 951 2334 et
1061 2277 1074 2361 ,¹

70 2375 147 2472 ipsa
165 2378 254 2452 retia
270 2379 393 2451 eadem
412 2378 563 2476 piscium
577 2379 803 2452 multitudine
817 2381 953 2454 scinde-

71 2515 201 2568 rentur.
265 2497 375 2570 Tu'nc
397 2497 464 2568 illis
483 2497 593 2570 dixit:
627 2509 748 2584 Venite,
775 2519 806 2568 et
824 2505 951 2586 sationi

69 2639 126 2684 oor
147 2626 320 2703 piscatores
343 2625 511 2687 hominum.
563 2613 795 2709 Acceperunt
820 2613 951 2686 abillo

70 2729 157 2802 retia
174 2730 288 2802 Verbi
305 2731 397 2818 Dei,
420 2713 597 2806 miserunt
613 2733 649 2804 in
667 2731 860 2818 mundum,
880 2751 953 2802 tan·

70 2873 177 2943 quam
204 2848 242 2919 in
262 2875 358 2921 mare
379 2851 618 2945 profundumz'
646 2866 952 2946 ceperuntqunn·

73 2982 139 3037 tam
162 2966 430 3039 multitudinem
455 2967 739 3041 Christianorum
757 2965 950 3054 cernimur,

79 3101 111 3153 et
123 3083 304 3156 miramur.
347 3081 438 3157 Duo
456 3097 572 3157 autem
595 3086 655 3157 illa
676 3082 837 3178 navigia,
861 3083 956 3155 duos

71 3204 229 3297 populos
259 3200 525 3296 significabant,
559 3201 767 3274 Judaeorum
796 3217 831 3272 et
859 3199 956 3270 Gen·-

71 3316 179 3406 tium‚
202 3317 402 3414 Synagogae
421 3335 457 3390 et
473 3319 661 3405 Ecclesiae,
680 3315 957 3391 circumcisionis

76 3454 111 3506 et
128 3434 303 3532 praeputii.
343 3435 490 3509 Illorum
509 3437 602 3508 enim
626 3437 779 3508 duorum
798 3432 959 3528 navigio·

75 3577 172 3640 rum,
197 3571 366 3649 tanquam
384 3554 538 3627 duorum
557 3551 730 3650 parietum
750 3551 795 3624 de
813 3549 957 3623 diverso

76 3669 321 3756 venientium,
338 3671 426 3768 lapis
441 3670 618 3767 angularis
631 3688 684 3741 est
697 3666 867 3740 Christus.
890 3667 960 3740 Seu

77 3787 163 3880 quid
191 3785 427 3860 audivimus?
457 3788 512 3860 Ibi
540 3786 791 3884 premebantur
818 3783 960 3882 navigia

78 3928 146 3996 prce
167 3902 404 3988 multitudine.
450 3905 505 3979 Sic
526 3906 568 3978 fit
589 3903 721 3977 modo:
748 3902 849 3974 multi
870 3899 960 3988 chrif

81 4019 197 4112 seiani,
218 4016 281 4120 qui
298 4025 388 4097 male
404 4022 550 4120 vivunt,
568 4019 956 4126 Ecclesiampremunt.

414 4249 420 4279 l
