2438 4566
298 314 343 362 m
516 264 854 306 'm

148 435 267 500 Μυῒ
293 439 397 512 [ociis
419 433 543 511 secutis
564 430 778 506 Dominum.
822 412 879 507 At‘
891 433 978 507 dum
997 435 1176 535 rumpitur

32 545 41 560 ⁶
156 556 251 611 XXX·
291 578 386 644 rete,
420 552 635 652 periclitatur
660 550 772 645 mergi
799 552 982 640 navicula,
1008 553 1176 650 procidit·
1208 603 1211 609 -

136 671 283 729 W*
292 700 363 771 que
376 651 442 793 ‘ad
469 693 588 765 genua
619 668 702 749 lesu
736 666 881 756 Petrus,
921 669 1067 766 erigitur
1101 670 1175 744 eius

292 791 431 866 animus
458 813 479 859 a
505 785 675 872 Christo,
713 784 978 882 animaturque,
1015 807 1057 859 ut
1090 787 1175 860 nihil
1204 870 1206 875 y

290 925 448 980 moratus
465 905 540 975 haec
560 902 717 1000 pericula
733 905 800 975 luae
819 903 990 981 naviculae
1011 924 1047 976 et
1065 903 1177 977 socio·

291 1051 391 1110 rum,
415 1020 671 1117 imperterritus
690 1019 905 1115 piscatorem
928 1047 965 1092 se
986 1021 1174 1107 hominum

291 1139 477 1238 praebeat,
515 1137 629 1209 certus
670 1137 716 1208 de
751 1137 978 1210 multitudine
1012 1137 1174 1234 piscium

291 1255 559 1353 capiendorum.
631 1263 725 1340 Noli,
764 1253 882 1350 inquit
912 1253 1080 1328 Christus
1106 1252 1171 1346 a),

291 1387 418 1446 timere:
445 1399 484 1444 cx
502 1381 563 1443 Iroc.
581 1382 646 1457 iam
667 1381 803 1442 homines
823 1382 880 1442 eris
901 1384 1036 1462 cupienti
1088 1373 1176 1445 Haec-

289 1489 362 1562 iam
384 1489 430 1561 ad
451 1488 601 1586 primam
622 1487 854 1585 piscationem
874 1489 911 1559 in
931 1491 1104 1585 parabola
1119 1490 1172 1563 illa

291 1608 499 1702 evangelica
516 1606 715 1702 pertinent3
743 1630 822 1701 quae
839 1607 1055 1700 sequuntur,
1082 1634 1170 1700 quum
1198 1637 1205 1651 ·

292 1753 362 1796 cnm
374 1733 502 1814 impleta
518 1743 594 1794 esset
610 1733 784 1810 educentes,
803 1730 931 1810 etsccus
947 1732 1024 1795 litus
1032 1733 1170 1812 sedentes

252 1909 257 1918 ,
291 1851 444 1926 elegerunt
462 1848 556 1910 tonos.
571 1849 603 1909 r‘rr
620 1865 720 1925 vasu,
746 1849 845 1910 mulos
860 1861 964 1917 autem
972 1849 1070 1927 forus
1091 1853 1170 1912 mist·

189 1999 193 2011 =
291 1980 388 2042 runt,
416 1956 462 2027 ad
481 1955 690 2027 secundam:
710 1962 758 2040 stc
782 1969 894 2028 critiri
917 1971 1170 2028 consummatione

281 2082 389 2164 saculi
401 2071 449 2162 b).
477 2071 527 2144 Ut
538 2073 629 2143 adeo
645 2071 732 2143 nihil
748 2092 878 2144 temere
888 2073 944 2143 hic
955 2073 1167 2172 autproprio

291 2190 439 2286 ingenio
466 2188 707 2282 excogitatum
733 2188 862 2261 debeat
888 2187 1028 2274 videri,
1076 2187 1168 2287 quod

293 2307 332 2378 in
364 2305 583 2377 miraculosis
613 2304 870 2401 piscationibus
901 2305 1100 2401 explicatur
1130 2307 1169 2378 dt

289 2421 476 2510 Ecclesia,
503 2421 810 2518 piscatoribusque
837 2423 1045 2510 hominum,
1074 2422 1169 2520 qu'od

189 2526 192 2529 i
292 2561 347 2616 est
363 2540 510 2621 sublime
528 2539 564 2611 in
582 2540 782 2634 Evangelio
801 2539 932 2612 Christi
949 2566 1014 2636 per
1031 2559 1170 2638 aposto

288 2665 345 2733 los
373 2658 477 2731 nobis
502 2658 764 2735 denunciando.
816 2707 839 2742 ,‚
849 2658 1067 2753 Nunquam,
1093 2661 1169 2732 sunt
1192 2662 1211 2751 ’,ῃ

291 2777 402 2851 verba
424 2775 456 2845 S.
479 2771 674 2866 Augustini
695 2768 751 2860 c),
778 2774 848 2845 hoc
871 2772 1055 2846 Dominus
1079 2775 1170 2849 iube·
1207 2782 1211 2847 '.

290 2912 367 2979 r-et,
408 2889 475 2962 nisi
508 2887 642 2983 aliquid
677 2888 871 2983 fignificare
905 2894 1036 2978 vellet,
1074 2893 1169 2990 quod
1207 2894 1211 2961 «ἶ

291 3008 399 3082 nobis
419 3031 524 3084 nosse
544 3005 738 3101 expediret.
769 3005 869 3099 Quid
889 3033 973 3102 ergo
994 3034 1063 3103 pro
1077 2988 1171 3106 mag.-

236 3167 237 3170 π
291 3153 342 3197 no
363 3122 483 3221 potuit
506 3123 551 3205 ad
573 3122 693 3224 lesum
717 3122 899 3198 Christum
922 3127 1125 3222 pertinere,
1146 3125 1172 3200 si

289 3243 405 3339 pisces
433 3260 664 3338 caperentur,
694 3261 755 3315 aut
779 3243 807 3316 sl
833 3269 908 3314 non
934 3245 1173 3339 caperentur?

119 3453 121 3456 Ι
288 3361 355 3433 sed.
385 3361 443 3430 illa
476 3358 627 3456 piscatio
658 3378 732 3430 erat
761 3380 882 3433 nostra
916 3360 1174 3458 fignificatimi‘

293 3476 427 3550 Omnia
445 3474 591 3571 copiose
607 3471 638 3549 S.
652 3474 879 3572 Augustinus
896 3476 931 3549 iu
950 3479 1175 3556 sermonibus

288 3593 355 3667 illis
384 3595 429 3666 de
457 3593 597 3683 duabus
625 3593 881 3692 piscationibus
913 3596 1094 3693 explicat,
1130 3625 1175 3673 ex

219 3722 225 3735 '
289 3711 423 3806 quibus
440 3738 551 3785 unum
572 3714 691 3784 saltem
712 3716 854 3800 locum,
876 3712 938 3808 qui
959 3715 1004 3785 ad
1024 3716 1176 3812 primam

285 3821 439 3928 pertinet
467 3832 663 3911 afferemus.
732 3831 1029 3920 „Recordamini
1061 3861 1177 3939 ergo,

327 3974 357 4048 s)
378 3969 440 4029 Luc.
468 3971 503 4031 V.
532 3987 572 4028 ro.
657 3975 685 4048 l)
708 3973 808 4034 Mitti.
833 3975 871 4038 X
874 3968 936 4040 ΙΙΙ.Ι
949 3986 995 4046 48.

376 4053 408 4128 c)
429 4055 508 4112 Serm.
532 4065 593 4124 248·
621 4057 652 4118 T.
680 4058 715 4129 V.
736 4073 762 4130 p.
790 4064 867 4123 1026.
