2438 4566
560 276 821 309 —''

238 303 311 389 ¹⁰4.

95 431 211 519 §APUT
233 434 298 508 luti
327 459 371 534 ex
403 428 572 507 condicto
602 431 792 504 nobiscum
819 431 1005 530 aequisque
1033 458 1110 509 con·

98 557 211 613 XLVII·
236 551 431 624 ditionibus
455 569 621 649 tanquam
640 575 762 647 parem
783 575 863 622 curn
888 577 976 646 pare
1002 576 1133 647 agere..

83 669 288 769 QAt
309 694 396 742 vero
420 692 595 738 memores
621 692 689 760 nos
717 667 820 738 fimus
845 687 996 763 oportet
1014 646 1122 767 [μοι’

235 786 345 879 sionis
363 783 690 879 reciprocantia,
709 770 1108 887 dataequefidei,quani

235 903 339 977 toties
370 927 607 1001 renovamus,
644 897 1018 1005 quotiestorationem
1043 900 1114 1007 Do·
1147 918 1149 923 '

237 1018 404 1122 minitant
431 1043 550 1117 coram
581 1016 667 1089 Deo
693 1017 884 1089 fundimus.
940 1018 1036 1113 Quae
1058 1044 1112 1091 no·

236 1155 347 1209 strum
391 1151 556 1237 respectu
600 1159 643 1205 eo
681 1151 735 1204 est
768 1113 1005 1235 dignantior,
1024 1160 1108 1233 quo

239 1251 352 1359 maior
372 1279 412 1325 ac
429 1249 568 1323 infinita
587 1270 639 1323 est
659 1249 751 1322 inter
769 1249 1024 1347 paciscentes
999 1242 1111 1357 veluti

238 1350 358 1465 partes
391 1368 428 1439 ιιι
431 1338 666 1471 tercapedo.
694 1365 848 1473 Accedit
879 1387 915 1471 et
944 1367 1069 1471 illud
1059 1394 1110 1467 tm·
1143 1440 1149 1455 ,

238 1512 403 1590 mensum
428 1485 558 1591 divinae
582 1511 665 1580 erga
687 1510 754 1575 nos
777 1483 915 1587 pietatis
939 1494 1111 1590 argumen-

240 1623 345 1703 ¹tum,
389 1604 490 1726 quod
528 1603 616 1692 ficut
653 1601 945 1705 benignissimum
990 1626 1149 1707 numen

242 1722 416 1850 tanquam
435 1716 498 1790 fibi
521 1721 676 1827 factum,
713 1719 811 1824 quod
839 1719 915 1791 aliis
940 1692 1149 1799 benefece-¹

242 1839 375 1933 rimus,
406 1836 443 1937 ιιι
471 1834 660 1935 acceptis
651 1837 739 1921 fert;
766 1835 814 1933 ita
839 1835 944 1913 etiam
971 1835 1142 1911 malem

154 1970 157 1975 “
243 1936 330 2026 alios
348 1955 439 2024 facta
457 1978 523 2027 ceu
545 1950 581 2022 in
605 1978 642 2023 se
662 1951 769 2025 delict
756 1971 831 2027 tum
852 1972 1044 2059 reputat„
1030 1954 1114 2028 Ecce

243 2064 503 2173 conditionem,
523 2095 628 2165 quam
647 2095 712 2147 nos
710 2068 797 2170 ipsi
815 2071 985 2173 magistro
996 2070 1114 2145 divino

244 2187 433 2315 ponimus,¹
461 2186 547 2289 dum
574 2185 699 2289 dimit
676 2203 702 2257 ti
728 2186 833 2287 nobis
861 2187 983 2281 debita
1010 2206 1117 2263 nostre

245 2298 470 2401 petimus,r
440 2309 524 2389 ficut
544 2323 574 2375 et
597 2331 651 2374 nos
670 2282 857 2375 dimittimus
874 2286 1061 2406 debitoribus
1074 2332 1149 2381 uo·
1140 2286 1149 2345 1·

247 2435 339 2506 stris,·
362 2447 402 2494 ac
421 2395 699 2517 benignissimus
712 2418 1149 2526 mrsertcordrssrmusqne

249 2540 410 2612 Salvator
430 2559 550 2612 noster
571 2537 743 2611 ineffabili
753 2538 890 2639 pietate
911 2539 1028 2644 statim
1047 2557 1149 2639 post·

248 2642 438 2761 formulam
462 2655 632 2733 orationis
652 2656 832 2758 eandem
823 2676 950 2755 iterum
969 2657 1124 2756 apponit,

248 2797 284 2873 ar
290 2754 469 2867 tifieioque
496 2774 645 2868 perinde
670 2775 829 2876 amabili,
856 2800 965 2871 quam
988 2776 1126 2849 admira·

250 2864 313 2959 ¹bili
337 2888 526 2991 obstringit
551 2914 676 2959 omnes
700 2915 788 2976 nos,
813 2911 955 2996 mutuas
979 2868 1127 2993 offensas

252 3003 488 3091 condonare,
520 3030 561 3076 ea
591 3024 687 3077 certa
717 3008 801 3104 spe,
839 3009 867 3080 si
899 3008 1130 3114 dimiserimus

251 3139 398 3217 peccata
424 3120 461 3196 in
485 3148 552 3194 nos
579 3122 765 3196 commissa
790 3126 836 3197 ab
859 3125 954 3214 aliis,
984 3110 1130 3231 clemen·

179 3285 193 3297 -
251 3237 424 3309 tissimum
450 3238 590 3310 Patrem
618 3260 778 3314 nostrum
804 3246 926 3315 coelest
913 3262 995 3316 tem
1014 3266 1049 3321 et
1072 3271 1133 3319 no·

253 3332 309 3460 ¹iris
336 3339 514 3458 dimittere
544 3356 671 3459 delicta
700 3378 831 3461 nostras
908 3361 1027 3455 Quod
1059 3389 1134 3439 non

254 3490 443 3557 contentus
472 3472 531 3567 hic
561 3473 616 3572 bis
643 3497 906 3575 consequenter
931 3481 1133 3579 repetiisse5

173 3596 181 3613 ‘
255 3591 291 3660 id
315 3590 439 3692 iterum
462 3589 544 3660 alibi
570 3594 666 3688 apud
693 3595 846 3691 eundem
870 3597 1136 3696 Evangelistam

143 3804 147 3811 Ι
216 3728 219 3733 ·
257 3727 292 3807 et
322 3706 472 3801 perinde
502 3709 598 3813 apud
627 3711 714 3783 alios
747 3714 850 3813 nobis
877 3715 1069 3791 itentidem
1095 3718 1137 3791 io

254 3825 462 3927 memoriam
484 3827 603 3901 verbis
628 3849 663 3900 et
685 3831 857 3927 exemplis
883 3833 991 3907 variis
1017 3837 1138 3909 induc·

255 3940 299 4050 tis
321 3959 530 4046 revocatur,
567 3946 617 4051 uti
645 3967 848 4024 constanter
876 3949 982 4028 etiam
1006 3952 1137 4041 avitis
