2608 4684
338 333 416 401 410
664 293 901 365 Ξ

197 447 317 515 ⁰⁴²³?
342 457 611 535 eeclesiasticam
643 459 702 533 seu
732 460 862 532 sacram
893 477 1106 556 potestatem
1138 459 1222 560 prd-

221 572 290 630 cw-
339 580 422 651 fana
453 597 559 674 atque
593 576 739 673 politica
773 576 838 648 fibi
864 602 1040 673 usurpans
1072 577 1220 652 indies

182 683 324 750 W*
340 693 470 790 magis,
497 694 617 773 omnia
641 695 687 766 ad
711 693 848 765 idolum
872 694 972 775 suum
993 694 1132 766 bonum
1153 721 1219 792 pu·

340 813 473 886 blicum
493 809 668 907 perversis
684 810 816 882 finibus
836 829 871 882 et
890 807 1030 897 officiis,
1053 823 1216 897 revocat}

340 929 439 1001 unde
464 929 524 1014 fit,
560 928 660 1024 quod
686 927 814 1000 ludaeis
840 927 939 998 bona
965 947 1001 1000 et
1025 930 1118 1000 mala
1144 926 1219 1024 qui·

339 1045 422 1117 dem
450 1044 659 1118 vaticinatus
686 1044 821 1116 dudum
848 1043 1130 1140 exprobraverat
1151 1045 1218 1118 lsa.

338 1161 472 1234 XLIII.
497 1185 555 1248 24.
584 1171 704 1232 Servire
726 1189 774 1232 me
786 1169 896 1253 fecisti
920 1172 1108 1250 inpeccatis
1132 1173 1220 1249 tuis,
1254 1165 1257 1172 ’

330 1289 489 1371 prebuisti
513 1287 590 1348 mibi
613 1287 747 1351 laborem
766 1289 800 1347 in
824 1287 1042 1368 inlquitutilius
1062 1267 1144 1364 tuii,
1171 1284 1218 1350 eti

335 1393 597 1466 detestabiliore
620 1395 804 1488 exemplo,
826 1417 899 1488 quo
917 1392 1146 1488 irreligiosior
1167 1411 1221 1466 est

334 1511 536 1608 profanatio
559 1507 644 1582 sacri
665 1533 809 1604 quoque
831 1533 872 1581 ac
897 1507 1009 1582 divini
1033 1508 1220 1581 ministerii

337 1651 374 1700 et
391 1625 624 1700 auctoritatis:
651 1625 780 1712 veluti,
809 1625 903 1698 dum.
918 1617 1108 1698 execrabili
1134 1653 1223 1698 con·

335 1744 415 1816 silio
441 1744 569 1816 inscius
601 1763 636 1814 et
660 1742 791 1815 invitus
818 1740 1010 1838 prophetat
1036 1741 1219 1838 Caiphas5

333 1861 397 1935 sed
431 1887 467 1932 se
502 1881 536 1932 et
568 1879 711 1954 gentem
745 1853 965 1930 horrendum
1000 1856 1036 1928 in
1066 1859 1218 1930 modum
1297 1901 1299 1908 ,

334 1978 467 2074 decipit
487 1999 592 2072 atque
613 1976 788 2060 devovet,
816 1976 901 2047 dum
925 1973 1142 2047 securitatem
1164 1975 1224 2045 in-.

334 2095 381 2166 de
407 2093 600 2191 promittit,
637 2115 714 2186 quae
741 2117 844 2163 causa
868 2091 986 2163 lutura
1009 2109 1083 2162 erat
1107 2091 1217 2163 ruinae

333 2212 403 2282 suae
431 2209 564 2304 gentis,
592 2207 801 2280 resurrectio
829 2229 946 2281 autem
976 2208 1119 2280 aliarum
1152 2233 1217 2304 per

333 2325 540 2412 Christum,
576 2351 682 2420 quem
716 2325 859 2397 Simeon
889 2325 1101 2420 praedixerat
1135 2325 1216 2397 fore

331 2441 371 2516 in
389 2442 525 2516 ruinam
543 2462 578 2514 et
595 2441 887 2539 resurrectionem
905 2445 1108 2515 multorum.
1141 2453 1215 2512 Cum

332 2567 576 2649 essetpontifex
601 2571 674 2633 armi
700 2569 783 2629 ilius
802 2567 1030 2650 prophetavit,
1058 2568 1145 2650 quod
1164 2567 1215 2639 Je-

330 2704 384 2749 sus
403 2689 570 2746 moriturus
588 2696 656 2745 erut
669 2703 730 2764 pro
744 2698 852 2762 gente,
879 2695 910 2747 tt
931 2703 991 2746 non
1014 2696 1137 2746 tantum
1150 2703 1214 2764 pro

264 2811 271 2824 ·
329 2815 435 2878 gente,
452 2800 514 2880 sed
534 2813 570 2862 ut
583 2799 669 2876 filios
688 2799 767 2888 Dei„
790 2802 845 2882 qui
866 2812 954 2863 erunt
978 2801 1118 2881 dispersi,
1143 2818 1214 2860 con·

328 2929 470 2992 gregaret
492 2920 525 2976 in
548 2935 650 2977 unum.
702 2905 796 2976 Salse
821 2905 997 3002 Origenes
1023 2907 1156 2978 scribas
1181 2925 1218 2978 et

328 3022 525 3094 Pharisaeos
547 3021 647 3117 quasi
667 3023 828 3096 ledentes
850 3021 987 3094 inducit
1007 3023 1216 3122 luper‘Asia

327 3165 413 3212 nam
433 3140 574 3212 Balaam
592 3138 837 3237 prophetantis
855 3139 899 3214 de
919 3137 1072 3210 Christo.
1117 3190 1139 3226 ‚,
1152 3138 1215 3210 Ne

326 3252 620 3353 mireris,subdit
639 3254 698 3345 a),
722 3254 751 3326 si
774 3261 853 3328 eum
878 3252 1074 3348 (Balaam)
1100 3281 1208 3351 quem

329 3373 482 3446 diximus
504 3353 694 3445 scribarum
716 3391 752 3445 et
776 3373 965 3446 doctorum
989 3372 1116 3468 populi
1139 3373 1214 3445 sora
1293 3468 1295 3471 v

328 3517 421 3562 mam
469 3506 630 3575 tenere,
672 3489 795 3586 videas
829 3491 1107 3586 prophetantem
1164 3491 1213 3560 de

330 3606 485 3684 Christo.
526 3605 609 3677 Hoc
628 3604 724 3676 enim
744 3607 892 3701 legimus
911 3607 1053 3692 iecisse,
1075 3626 1110 3678 et
1127 3604 1212 3678 Cai-

325 3727 453 3820 pham,
477 3723 538 3818 qui
558 3722 664 3796 dixit:
689 3731 825 3813 Expedit
842 3735 946 3812 vobis,
968 3746 1004 3794 ut
1022 3748 1098 3795 unus
1115 3733 1209 3793 homo

319 3863 432 3933 pereat
441 3869 501 3930 pro
521 3852 602 3914 omni
614 3843 772 3930 popul0.“
821 3891 843 3926 „
854 3839 982 3925 Vides,
1000 3842 1079 3912 sunt
1095 3838 1205 3911 verba
1270 3879 1275 3892 ·

359 3983 390 4053 a)
409 3986 488 4040 Hom.
507 3984 590 4040 XIV.
606 3987 633 4038 in
649 3987 779 4042 Numeres
793 4005 818 4042 n.
833 4003 858 4055 4.
876 3987 908 4042 T.
925 3987 968 4042 II.
983 4001 1010 4057 p.
1025 3999 1085 4055 324.
1104 3993 1129 4038 et
1141 3997 1204 4053 μς.
