2566 4680
355 349 428 418 290
679 309 915 368 -............-
955 331 957 335 .

178 486 325 558 ‚Carne
353 493 407 570 (μα’
434 485 596 579 ⁸(irbbtztam
645 503 706 545 non
739 453 892 562 custodit,
930 472 1108 546 Christus·
1124 493 1234 547 autem

190 602 342 666 LXXXIV.
355 615 543 689 antequam
568 618 639 664 rem
663 591 931 686 aggrederetur,
960 622 1007 664 me
1029 614 1149 682 oportet
1165 619 1226 682 ope·

195 725 337 787 Wv
353 726 418 785 rori
429 770 439 799 ,
467 711 650 808 praefatur,
677 733 771 798 opera
791 719 876 794 eius,
901 699 955 800 qis
975 722 1061 780 misit
1079 737 1126 780 me
1143 720 1228 779 donee

354 843 419 902 dies
438 852 501 900 est:
526 838 613 896 verrit
634 851 715 910 nox,
738 835 861 916 qssando
880 853 966 895 nemo
977 846 1085 916 potest
1102 837 1222 915 operari.

355 955 508 1039 Quamdiu
517 951 594 1032 sum
613 954 647 1012 in
670 951 803 1025 mendo,
830 933 888 1010 iux
923 969 974 1010 nm
995 951 1111 1012 mnndi.
1163 940 1224 1011 Sed

351 1065 465 1136 lucem
490 1061 582 1130 hanc
604 1056 757 1130 tenebrae
778 1081 851 1127 non
873 1057 1223 1154 comprehenderunt.

353 1187 538 1267 inproprie
559 1186 663 1260 venit,
692 1195 722 1244 et
733 1180 790 1261 sai
815 1200 882 1244 enm
907 1201 967 1243 non
987 1195 1161 1264 receperent
1181 1169 1225 1262 a),

350 1293 463 1366 iudaei
491 1318 618 1388 nempe
645 1289 741 1386 apud
765 1315 856 1385 quos
876 1289 1047 1362 hactenus
1074 1312 1148 1362 erat
1167 1293 1223 1395 lgr

350 1431 443 1484 verae
470 1406 646 1503 religionis
668 1407 705 1476 in
725 1407 931 1504 Synagoga,
961 1407 1019 1478 cui
1040 1405 1135 1479 iusto
1161 1404 1226 1476 Dei

349 1524 485 1599 iudicio
515 1524 759 1604 substituenda
788 1544 861 1594 erat
890 1522 1049 1596 Ecclesia
1077 1550 1122 1596 ex
1147 1550 1222 1619 gen-

351 1643 470 1718 tilibus
499 1641 758 1737 ¹congreganda.
810 1640 876 1712 Est
898 1642 996 1728 hoc,
1025 1643 1126 1736 quod
1150 1640 1226 1712 dicit

352 1761 543 1840 Christus:
589 1769 626 1828 In
655 1767 803 1829 indiciam
831 1786 884 1841 ego
914 1770 947 1830 in
976 1767 1057 1830 nanc
1086 1768 1223 1829 mandam

351 1890 441 1962 veni,
466 1897 501 1946 nt
520 1887 573 1966 qai
594 1903 653 1954 non
670 1885 796 1960 vident,
819 1884 967 1959 videant,
990 1883 1223 1965 oequissimus,

353 2000 524 2078 cocifiont.
553 1991 615 2061 Ad
634 1981 725 2061 hairc
745 1994 861 2060 lucem
880 1989 1102 2062 clarissimam
1121 1989 1224 2086 ipsum

351 2111 461 2180 solem
496 2107 631 2180 iustitiae
665 2106 830 2178 excaecati
867 2108 947 2178 sunt
981 2107 1116 2193 Judaei,
1151 2105 1224 2201 quia

352 2229 477 2299 oculos
505 2227 726 2311 clauserunt,
756 2249 909 2318 eumque
934 2226 1154 2296 reiecerunt:
1195 2232 1222 2291 Si
1274 2267 1275 2288 2

349 2371 410 2412 uon
434 2353 603 2426 venissem,
623 2345 662 2410 'et
688 2351 806 2411 locatas
821 2350 956 2427 fuissem
984 2353 1050 2426 eis,
1071 2362 1223 2432 peccatam

350 2485 411 2529 aon
440 2468 605 2544 traherent,
645 2456 729 2528 alibi
765 2456 849 2528 dicit
885 2455 1071 2542 Christus3
1113 2475 1223 2550 estque

350 2574 450 2670 quod
469 2574 526 2645 hic
549 2587 576 2644 si
596 2586 661 2645 caci
684 2587 807 2660 essetis,
828 2572 893 2660 ait,
918 2601 979 2645 non
1000 2583 1151 2646 haberetis
1162 2597 1223 2663 pst·

347 2714 462 2762 rotam.
518 2700 604 2761 Nrmc
629 2717 703 2760 nero
726 2700 854 2761 dicitis:
881 2702 959 2780 qnia
984 2702 1147 2778 videmus,
1174 2690 1222 2759 ha·

348 2807 474 2878 bernus
506 2805 684 2877 scientiam
715 2805 802 2899 legis
833 2831 853 2876 a
886 2803 972 2878 Deo
1004 2807 1117 2894 datae,
1153 2829 1221 2903 pro
1271 2853 1272 2856 κ

349 2921 547 3016 phetiarum
575 2921 618 2991 de
644 2921 809 3006 Christo,
836 2941 870 2992 et
894 2923 1137 3018 cognitionem
1156 2918 1222 2994 veri

349 3036 446 3122 Dei,
485 3035 583 3107 cuins
610 3056 725 3108 tamen
755 3036 883 3110 Filium
915 3043 960 3111 ad
989 3064 1055 3112 vos
1087 3041 1220 3110 missurn

348 3152 530 3250 respuitis:
544 3175 708 3244 peccorum
725 3179 863 3227 nestram
880 3179 992 3228 monet.
1021 3158 1109 3229 Haec
1127 3156 1219 3252 igitur

347 3269 550 3342 Judaeorum
576 3271 732 3358 caecitas,
754 3297 834 3342 curn
854 3273 983 3367 apertis
1003 3275 1116 3346 oculis
1135 3289 1219 3344 tanta
1269 3339 1270 3350 ,

338 3387 445 3482 ‘signa
474 3403 509 3457 et
543 3388 706 3482 prodigia
741 3412 814 3459 non
847 3373 1105 3483 agnoscerent,
1140 3390 1217 3460 iusta

346 3500 483 3600 peccati
509 3528 614 3598 pressa
634 3504 717 3589 fuit,
745 3523 784 3575 ut
805 3504 858 3575 Jo.
880 3505 963 3576 XII.
989 3531 1045 3594 37.
1075 3491 1214 3578 dicitur:

350 3632 423 3690 Cum
448 3641 553 3694 erstem
581 3641 672 3690 tanta
689 3627 780 3705 figntz
797 3630 926 3708 fecisset
949 3649 1052 3692 coram
1076 3636 1141 3708 eis,
1164 3645 1216 3688 non

237 3793 243 3804 .
346 3745 506 3808 credebant
523 3748 555 3812 in
574 3765 664 3806 essm:
685 3745 831 3822 utsermo
851 3749 937 3808 Iseie
950 3749 1107 3827 propheto
1124 3744 1215 3826 imple·

329 3874 449 3938 actm,
468 3881 557 3943 qrsem
575 3862 680 3925 dixit:
703 3861 850 3942 Domine,
871 3867 941 3948 qais
958 3865 1087 3928 credidis
1103 3860 1215 3926 auditae·

388 4003 419 4078 a)
438 4003 486 4070 J..
509 4002 534 4060 1.
