2438 4566
839 291 908 361 281

70 427 119 503 elii
139 425 269 503 Christi
292 429 461 525 gratiam,
489 455 594 526 quam
621 429 690 502 iam
716 457 914 528 praecursor
937 426 1055 489 Cim

70 545 212 634 iamim,
249 547 382 619 eisdem
412 547 682 621 denuntiaverat
711 549 764 621 Jo.
795 549 822 620 Ι.
859 547 1065 621 raimu-

70 670 139 735 ide
158 675 349 753 plenitudine
376 676 440 735 eius
463 692 517 734 nas
540 693 641 738 omnes
667 679 861 757 accepimus,
886 687 916 737 ct
932 666 1074 729 *ΛΝ

70 793 169 857 ratium
180 810 242 871 pra
257 793 387 866 gratia.-
413 792 490 871 quia
503 790 552 851 Iex
560 811 618 870 per
631 790 757 873 Moysen
771 793 849 853 data
861 803 918 869 est,

70 908 155 983 tatia,
182 919 214 971 et
238 909 356 968 ueritas
378 926 434 987 per
454 907 561 977 ,iesum
585 909 735 975 Christum
746 910 843 989 facta
860 920 915 971 cst.

136 1040 817 1081 *ἢ

157 1098 461 1225 canan
518 1063 828 1229 Lxxxrn

95 1288 385 1363 MULIER
434 1288 855 1367 ADULTERA.

70 1425 479 1518 rdduxeruntscribae‚et
488 1427 659 1506 Pharisaei
668 1429 909 1508 mulieremin

89 1545 910 1643 adulteriodeprehensam·.'..tentanteseunr,

87 1675 130 1738 ut
147 1676 303 1762 possent
323 1687 491 1740 accusare
512 1688 610 1739 eum.
652 1661 762 1742 Jesus
784 1676 909 1739 autem

87 1780 268 1855 inclinans
295 1805 333 1856 se
360 1780 559 1870 deorsum,
587 1781 707 1880 digito
732 1780 913 1877 scribebat

87 1898 126 1973 irr
143 1910 249 1972 terra.
279 1893 378 1973 Cum
396 1922 486 1997 ergo
505 1911 783 1997 perseverarent
798 1900 914 1974 inter-
971 1938 974 1943 ·

87 2027 263 2113 rogantes
289 2039 399 2105 eum,
427 2021 545 2092 erexit
566 2041 626 2104 se,
654 2030 693 2092 et
717 2015 812 2090 dixit
835 2017 910 2091 eis:

88 2128 165 2233 Qui
175 2128 252 2226 fine
269 2144 414 2228 peccata
435 2145 488 2208 est
507 2145 692 2221 vestrum,
706 2136 853 2229 primus
872 2135 913 2206 iu

87 2248 185 2323 iiiam
205 2247 362 2344 lapidem
381 2254 515 2326 mittat.
561 2248 609 2326 Et
629 2254 766 2328 iterum
793 2266 831 2324 se
854 2249 912 2323 in-

88 2364 248 2454 clinans,
274 2364 455 2442 scribebat
483 2371 523 2441 in
550 2380 656 2444 terra.
709 2365 914 2442 Audientes

88 2496 214 2559 autem
238 2508 335 2560 unus
365 2496 454 2581 post
479 2507 601 2560 unum
626 2484 795 2570 exibant,
822 2484 914 2556 inci-

88 2602 232 2701 pientes
256 2623 277 2674 a
298 2599 524 2676 senioribus:
552 2613 590 2674 et
613 2602 790 2675 remansit
814 2596 913 2671 solus

87 2712 215 2806 iesus,
244 2729 282 2792 et
304 2716 439 2793 mulier
463 2720 504 2792 in
524 2719 650 2794 medio
675 2717 781 2791 stans.
835 2711 914 2789 Eri-

88 2856 179 2933 gens
199 2845 323 2909 autem
344 2860 381 2911 se
402 2832 427 2913 J
429 2858 530 2925 esne,
558 2836 654 2910 dixit
675 2837 729 2909 ei:
753 2830 913 2920 Mulier,

89 2948 149 3027 aii
163 2948 280 3050 suut,
315 2954 378 3047 qui
401 2965 436 3028 te
462 2952 713 3029 accusabant?
745 2973 845 3025 aerata
880 2959 915 3023 te

90 3070 368 3145 condemnavit?
387 3068 478 3171 Qua
491 3070 612 3143 dixit:
632 3068 768 3153 Nemo,
788 3066 918 3142 Daui-

92 3207 153 3261 ne.
170 3243 178 3259 .
195 3243 203 3260 .
222 3185 304 3261 Nea
321 3206 384 3280 ega
403 3196 438 3260 te
459 3182 705 3260 condemnabo.
736 3180 777 3257 V
775 3182 859 3269 atie,
882 3190 918 3255 et

92 3304 164 3379 iam
178 3301 332 3400 amplias
345 3301 586 3398 aalipeecare.
614 3297 639 3379 J
641 3323 675 3374 0.
686 3295 789 3375 VIH.
802 3323 833 3394 3.
847 3311 916 3374 etc.

70 3510 300 3658 Admiranda
324 3586 383 3659 hic
413 3584 584 3683 imprimis
612 3604 664 3657 est
695 3582 816 3655 divina
845 3571 1053 3714 ster-{2522

70 3714 172 3776 iarum
192 3702 323 3775 Christi
342 3704 472 3790 virtus,
493 3729 564 3798 qua
584 3729 666 3787 eos,
686 3725 776 3794 qnos
795 3699 921 3769 frustra
933 3742 1005 3794 ribus
1019 3739 1074 3794 sola

70 3828 126 3891 ium
147 3823 284 3894 ioanne
306 3847 523 3917 praecursore
547 3822 610 3890 suo
632 3817 677 3887 ad
704 3813 920 3909 agnitionem
934 3825 1075 3878 redemtio·

934 3909 974 3959 nis
988 3906 1085 3961 Christi

70 3930 177 4015 miserae
213 3937 427 4013 conditionis
462 3939 651 4023 humanae,
689 3958 759 4030 qua
797 3959 1071 4059 οιηιιεεΡῖιηὶσείὶδσ
