<?xml version="1.0" encoding="UTF-8"?>
<!DOCTYPE html PUBLIC "-//W3C//DTD XHTML 1.0 Transitional//EN"
    "http://www.w3.org/TR/xhtml1/DTD/xhtml1-transitional.dtd">
<html xmlns="http://www.w3.org/1999/xhtml" xml:lang="en" lang="en">
 <head>
  <title>
</title>
<meta http-equiv="Content-Type" content="text/html;charset=utf-8" />
  <meta name='ocr-system' content='tesseract 3.04.00' />
  <meta name='ocr-capabilities' content='ocr_page ocr_carea ocr_par ocr_line ocrx_word'/>
</head>
<body>
  <div class='ocr_page' id='page_1' title='image "./desublimiinevan02gerbgoog_0322.png"; bbox 0 0 2438 4566; ppageno 0'>
   <div class='ocr_carea' id='block_1_1' title="bbox 129 276 1215 2284">
    <p class='ocr_par' dir='ltr' id='par_1_1' title="bbox 129 276 1215 2284">
     <span class='ocr_line' id='line_1_1' title="bbox 294 276 852 377; baseline -0.007 -62"><span class='ocrx_word' id='word_1_1' title='bbox 294 311 365 377; x_wconf 77' lang='lat'>3²²</span> <span class='ocrx_word' id='word_1_2' title='bbox 616 276 852 314; x_wconf 72' lang='lat' dir='ltr'>-n—</span> 
     </span>
     <span class='ocr_line' id='line_1_2' title="bbox 155 429 1181 532; baseline -0.002 -24"><span class='ocrx_word' id='word_1_3' title='bbox 155 444 270 508; x_wconf 71' lang='lat' dir='ltr'>crana.</span> <span class='ocrx_word' id='word_1_4' title='bbox 296 437 478 512; x_wconf 87' lang='lat' dir='ltr'>meliorem</span> <span class='ocrx_word' id='word_1_5' title='bbox 507 453 643 532; x_wconf 87' lang='lat' dir='ltr'>partem</span> <span class='ocrx_word' id='word_1_6' title='bbox 668 430 731 506; x_wconf 88' lang='lat' dir='ltr'>fibi</span> <span class='ocrx_word' id='word_1_7' title='bbox 755 429 917 527; x_wconf 82' lang='lat' dir='ltr'>elegerit,</span> <span class='ocrx_word' id='word_1_8' title='bbox 935 430 1181 506; x_wconf 36' lang='lat' dir='ltr'>&#39;antefertur‘¹</span> 
     </span>
     <span class='ocr_line' id='line_1_3' title="bbox 129 544 1210 648; baseline -0.006 -18"><span class='ocrx_word' id='word_1_9' title='bbox 129 558 345 630; x_wconf 61' lang='lat' dir='ltr'>&#39;LXXXIKEt</span> <span class='ocrx_word' id='word_1_10' title='bbox 372 557 405 628; x_wconf 87' lang='lat' dir='ltr'>S.</span> <span class='ocrx_word' id='word_1_11' title='bbox 435 551 657 648; x_wconf 86' lang='lat' dir='ltr'>Augustinus</span> <span class='ocrx_word' id='word_1_12' title='bbox 682 550 790 621; x_wconf 89' lang='lat' dir='ltr'>Serm.</span> <span class='ocrx_word' id='word_1_13' title='bbox 818 547 916 622; x_wconf 92' lang='lat' dir='ltr'><strong>CIV.</strong></span> <span class='ocrx_word' id='word_1_14' title='bbox 947 544 1100 636; x_wconf 70' lang='lat' dir='ltr'>&#39;„&#39;Noo</span> <span class='ocrx_word' id='word_1_15' title='bbox 1125 571 1176 640; x_wconf 87' lang='lat' dir='ltr'>tu,</span> <span class='ocrx_word' id='word_1_16' title='bbox 1207 606 1210 613; x_wconf 79' lang='lat'><em>-</em></span> 
     </span>
     <span class='ocr_line' id='line_1_4' title="bbox 139 663 1178 770; baseline -0.001 -27"><span class='ocrx_word' id='word_1_17' title='bbox 139 683 281 743; x_wconf 61' lang='lat' dir='ltr'>vvv</span> <span class='ocrx_word' id='word_1_18' title='bbox 296 673 412 770; x_wconf 89' lang='lat' dir='ltr'>inquit</span> <span class='ocrx_word' id='word_1_19' title='bbox 433 672 478 743; x_wconf 91' lang='lat' dir='ltr'>de</span> <span class='ocrx_word' id='word_1_20' title='bbox 498 667 649 742; x_wconf 84' lang='lat' dir='ltr'>Martha</span> <span class='ocrx_word' id='word_1_21' title='bbox 672 663 732 756; x_wconf 84' lang='lat' dir='ltr'>a),</span> <span class='ocrx_word' id='word_1_22' title='bbox 759 669 906 738; x_wconf 91' lang='lat' dir='ltr'>malam:</span> <span class='ocrx_word' id='word_1_23' title='bbox 935 666 999 738; x_wconf 86' lang='lat' dir='ltr'>sed</span> <span class='ocrx_word' id='word_1_24' title='bbox 1027 667 1090 741; x_wconf 90' lang='lat' dir='ltr'>illa</span> <span class='ocrx_word' id='word_1_25' title='bbox 1115 695 1178 742; x_wconf 86' lang='lat' dir='ltr'>me·</span> 
     </span>
     <span class='ocr_line' id='line_1_5' title="bbox 296 782 1179 881; baseline -0.006 -17"><span class='ocrx_word' id='word_1_26' title='bbox 296 792 459 865; x_wconf 78' lang='lat' dir='ltr'>liorem.“</span> <span class='ocrx_word' id='word_1_27' title='bbox 508 784 591 857; x_wconf 85' lang='lat' dir='ltr'>Hoc</span> <span class='ocrx_word' id='word_1_28' title='bbox 610 803 737 880; x_wconf 89' lang='lat' dir='ltr'>postea</span> <span class='ocrx_word' id='word_1_29' title='bbox 756 782 882 881; x_wconf 88' lang='lat' dir='ltr'>accipit</span> <span class='ocrx_word' id='word_1_30' title='bbox 899 783 946 855; x_wconf 92' lang='lat' dir='ltr'>de</span> <span class='ocrx_word' id='word_1_31' title='bbox 965 783 1133 880; x_wconf 79' lang='lat' dir='ltr'>praesenti</span> <span class='ocrx_word' id='word_1_32' title='bbox 1147 806 1179 859; x_wconf 85' lang='lat' dir='ltr'>et</span> 
     </span>
     <span class='ocr_line' id='line_1_6' title="bbox 297 899 1178 997; baseline -0.005 -16"><span class='ocrx_word' id='word_1_33' title='bbox 297 911 414 982; x_wconf 82' lang='lat' dir='ltr'>lutura</span> <span class='ocrx_word' id='word_1_34' title='bbox 435 901 508 975; x_wconf 89' lang='lat' dir='ltr'>vita</span> <span class='ocrx_word' id='word_1_35' title='bbox 531 902 568 973; x_wconf 90' lang='lat' dir='ltr'>in</span> <span class='ocrx_word' id='word_1_36' title='bbox 595 899 691 972; x_wconf 88' lang='lat' dir='ltr'>coelis</span> <span class='ocrx_word' id='word_1_37' title='bbox 715 919 867 986; x_wconf 79' lang='lat' dir='ltr'>aeterna,</span> <span class='ocrx_word' id='word_1_38' title='bbox 895 902 998 997; x_wconf 91' lang='lat' dir='ltr'>quod</span> <span class='ocrx_word' id='word_1_39' title='bbox 1025 902 1112 976; x_wconf 89' lang='lat' dir='ltr'>alias</span> <span class='ocrx_word' id='word_1_40' title='bbox 1138 904 1178 976; x_wconf 88' lang='lat' dir='ltr'>de</span> 
     </span>
     <span class='ocr_line' id='line_1_7' title="bbox 297 1017 1178 1115; baseline -0.007 -17"><span class='ocrx_word' id='word_1_41' title='bbox 297 1025 371 1098; x_wconf 87' lang='lat' dir='ltr'>vita</span> <span class='ocrx_word' id='word_1_42' title='bbox 393 1017 668 1115; x_wconf 89' lang='lat' dir='ltr'>contemplativa</span> <span class='ocrx_word' id='word_1_43' title='bbox 694 1036 728 1090; x_wconf 88' lang='lat' dir='ltr'>et</span> <span class='ocrx_word' id='word_1_44' title='bbox 749 1017 882 1104; x_wconf 88' lang='lat' dir='ltr'>activa,</span> <span class='ocrx_word' id='word_1_45' title='bbox 911 1043 988 1114; x_wconf 90' lang='lat' dir='ltr'>quo</span> <span class='ocrx_word' id='word_1_46' title='bbox 1012 1019 1118 1093; x_wconf 87' lang='lat' dir='ltr'>etiam</span> <span class='ocrx_word' id='word_1_47' title='bbox 1136 1041 1178 1093; x_wconf 86' lang='lat' dir='ltr'>rt·</span> 
     </span>
     <span class='ocr_line' id='line_1_8' title="bbox 297 1125 1177 1230; baseline -0.009 -15"><span class='ocrx_word' id='word_1_48' title='bbox 297 1138 465 1224; x_wconf 85' lang='lat' dir='ltr'>ferenda,</span> <span class='ocrx_word' id='word_1_49' title='bbox 506 1159 583 1230; x_wconf 76' lang='lat' dir='ltr'>quae</span> <span class='ocrx_word' id='word_1_50' title='bbox 619 1132 657 1205; x_wconf 92' lang='lat' dir='ltr'>in</span> <span class='ocrx_word' id='word_1_51' title='bbox 689 1133 817 1204; x_wconf 87' lang='lat' dir='ltr'>eodem</span> <span class='ocrx_word' id='word_1_52' title='bbox 846 1125 1015 1208; x_wconf 83' lang='lat' dir='ltr'>sermone</span> <span class='ocrx_word' id='word_1_53' title='bbox 1049 1137 1177 1210; x_wconf 88' lang='lat' dir='ltr'>habet:</span> 
     </span>
     <span class='ocr_line' id='line_1_9' title="bbox 297 1249 1177 1350; baseline -0.001 -22"><span class='ocrx_word' id='word_1_54' title='bbox 297 1309 320 1344; x_wconf 84' lang='lat'><strong>„</strong></span> <span class='ocrx_word' id='word_1_55' title='bbox 339 1256 606 1327; x_wconf 87' lang='lat' dir='ltr'>Remanserunt</span> <span class='ocrx_word' id='word_1_56' title='bbox 636 1276 729 1345; x_wconf 63' lang='lat' dir='ltr'>ergo&gt;</span> <span class='ocrx_word' id='word_1_57' title='bbox 756 1249 794 1322; x_wconf 92' lang='lat' dir='ltr'>in</span> <span class='ocrx_word' id='word_1_58' title='bbox 829 1250 889 1323; x_wconf 88' lang='lat' dir='ltr'>illa</span> <span class='ocrx_word' id='word_1_59' title='bbox 923 1252 1070 1342; x_wconf 90' lang='lat' dir='ltr'>domo,</span> <span class='ocrx_word' id='word_1_60' title='bbox 1108 1277 1177 1350; x_wconf 82' lang='lat' dir='ltr'>qua</span> 
     </span>
     <span class='ocr_line' id='line_1_10' title="bbox 298 1366 1177 1468; baseline -0.006 -23"><span class='ocrx_word' id='word_1_61' title='bbox 298 1374 504 1468; x_wconf 80' lang='lat' dir='ltr'>susceperat</span> <span class='ocrx_word' id='word_1_62' title='bbox 530 1367 757 1454; x_wconf 86' lang='lat' dir='ltr'>Dominum,</span> <span class='ocrx_word' id='word_1_63' title='bbox 797 1366 834 1438; x_wconf 91' lang='lat' dir='ltr'>in</span> <span class='ocrx_word' id='word_1_64' title='bbox 864 1368 1006 1442; x_wconf 89' lang='lat' dir='ltr'>duabus</span> <span class='ocrx_word' id='word_1_65' title='bbox 1034 1370 1177 1444; x_wconf 73' lang='lat' dir='ltr'>foeminis</span> 
     </span>
     <span class='ocr_line' id='line_1_11' title="bbox 299 1485 1176 1587; baseline -0.003 -25"><span class='ocrx_word' id='word_1_66' title='bbox 299 1491 381 1562; x_wconf 86' lang='lat' dir='ltr'>duat</span> <span class='ocrx_word' id='word_1_67' title='bbox 403 1489 505 1574; x_wconf 85' lang='lat' dir='ltr'>vitae,</span> <span class='ocrx_word' id='word_1_68' title='bbox 533 1486 645 1558; x_wconf 82' lang='lat' dir='ltr'>ambae</span> <span class='ocrx_word' id='word_1_69' title='bbox 667 1485 898 1587; x_wconf 55' lang='lat' dir='ltr'>innocentes,</span> <span class='ocrx_word' id='word_1_70' title='bbox 926 1486 1044 1560; x_wconf 82' lang='lat' dir='ltr'>ambae</span> <span class='ocrx_word' id='word_1_71' title='bbox 1069 1488 1176 1562; x_wconf 84' lang='lat' dir='ltr'>lauda·</span> 
     </span>
     <span class='ocr_line' id='line_1_12' title="bbox 297 1586 1176 1693; baseline -0.001 -14"><span class='ocrx_word' id='word_1_72' title='bbox 297 1606 409 1680; x_wconf 88' lang='lat' dir='ltr'>biles:</span> <span class='ocrx_word' id='word_1_73' title='bbox 447 1630 519 1678; x_wconf 90' lang='lat' dir='ltr'>una</span> <span class='ocrx_word' id='word_1_74' title='bbox 543 1600 743 1689; x_wconf 84' lang='lat' dir='ltr'>laboriosa,</span> <span class='ocrx_word' id='word_1_75' title='bbox 779 1605 886 1675; x_wconf 89' lang='lat' dir='ltr'>altera</span> <span class='ocrx_word' id='word_1_76' title='bbox 901 1586 1053 1693; x_wconf 49' lang='lat' dir='ltr'>‘otiosae</span> <span class='ocrx_word' id='word_1_77' title='bbox 1091 1607 1176 1678; x_wconf 86' lang='lat' dir='ltr'>nulla</span> 
     </span>
     <span class='ocr_line' id='line_1_13' title="bbox 298 1719 1175 1807; baseline -0.002 -10"><span class='ocrx_word' id='word_1_78' title='bbox 298 1725 522 1807; x_wconf 83' lang='lat' dir='ltr'>facinorosa,</span> <span class='ocrx_word' id='word_1_79' title='bbox 558 1721 655 1790; x_wconf 87' lang='lat' dir='ltr'>nulla</span> <span class='ocrx_word' id='word_1_80' title='bbox 678 1719 866 1791; x_wconf 85' lang='lat' dir='ltr'>desidiosa.</span> <span class='ocrx_word' id='word_1_81' title='bbox 925 1719 1062 1794; x_wconf 84' lang='lat' dir='ltr'>Ambae</span> <span class='ocrx_word' id='word_1_82' title='bbox 1086 1721 1175 1794; x_wconf 81' lang='lat' dir='ltr'>inno</span> 
     </span>
     <span class='ocr_line' id='line_1_14' title="bbox 192 1826 1215 1939; baseline -0.004 -26"><span class='ocrx_word' id='word_1_83' title='bbox 192 1826 194 1830; x_wconf 33' lang='lat'>¹</span> <span class='ocrx_word' id='word_1_84' title='bbox 300 1860 437 1924; x_wconf 85' lang='lat' dir='ltr'>centes,</span> <span class='ocrx_word' id='word_1_85' title='bbox 459 1836 590 1921; x_wconf 79' lang='lat' dir='ltr'>ambae,</span> <span class='ocrx_word' id='word_1_86' title='bbox 608 1835 774 1932; x_wconf 89' lang='lat' dir='ltr'>inquam,</span> <span class='ocrx_word' id='word_1_87' title='bbox 792 1835 1009 1910; x_wconf 84' lang='lat' dir='ltr'>laudabiles:</span> <span class='ocrx_word' id='word_1_88' title='bbox 1037 1840 1174 1912; x_wconf 79' lang='lat' dir='ltr'>seduna</span> <span class='ocrx_word' id='word_1_89' title='bbox 1213 1926 1215 1939; x_wconf 40' lang='grc' dir='ltr'>Ι</span> 
     </span>
     <span class='ocr_line' id='line_1_15' title="bbox 297 1954 1172 2041; baseline -0.005 -11"><span class='ocrx_word' id='word_1_90' title='bbox 297 1955 503 2041; x_wconf 86' lang='lat' dir='ltr'>laboriosa,</span> <span class='ocrx_word' id='word_1_91' title='bbox 537 1956 646 2026; x_wconf 83' lang='lat' dir='ltr'>altera</span> <span class='ocrx_word' id='word_1_92' title='bbox 673 1954 811 2026; x_wconf 89' lang='lat' dir='ltr'>otiosa:</span> <span class='ocrx_word' id='word_1_93' title='bbox 840 1958 938 2028; x_wconf 89' lang='lat' dir='ltr'>nulla</span> <span class='ocrx_word' id='word_1_94' title='bbox 961 1955 1172 2040; x_wconf 82' lang='lat' dir='ltr'>facinorosa,</span> 
     </span>
     <span class='ocr_line' id='line_1_16' title="bbox 298 2070 1173 2170; baseline -0.002 -25"><span class='ocrx_word' id='word_1_95' title='bbox 298 2099 408 2170; x_wconf 90' lang='lat' dir='ltr'>quam</span> <span class='ocrx_word' id='word_1_96' title='bbox 434 2097 559 2145; x_wconf 87' lang='lat' dir='ltr'>cavere</span> <span class='ocrx_word' id='word_1_97' title='bbox 588 2072 697 2144; x_wconf 88' lang='lat' dir='ltr'>debet</span> <span class='ocrx_word' id='word_1_98' title='bbox 726 2070 931 2144; x_wconf 86' lang='lat' dir='ltr'>laboriosa:</span> <span class='ocrx_word' id='word_1_99' title='bbox 971 2077 1073 2147; x_wconf 90' lang='lat' dir='ltr'>nulla</span> <span class='ocrx_word' id='word_1_100' title='bbox 1099 2071 1173 2147; x_wconf 84' lang='lat' dir='ltr'>desi·</span> 
     </span>
     <span class='ocr_line' id='line_1_17' title="bbox 299 2184 1160 2284; baseline -0.001 -21"><span class='ocrx_word' id='word_1_101' title='bbox 299 2191 419 2278; x_wconf 89' lang='lat' dir='ltr'>diosa,</span> <span class='ocrx_word' id='word_1_102' title='bbox 446 2213 552 2284; x_wconf 91' lang='lat' dir='ltr'>quam</span> <span class='ocrx_word' id='word_1_103' title='bbox 578 2213 705 2262; x_wconf 85' lang='lat' dir='ltr'>cavere</span> <span class='ocrx_word' id='word_1_104' title='bbox 734 2187 842 2261; x_wconf 89' lang='lat' dir='ltr'>debet</span> <span class='ocrx_word' id='word_1_105' title='bbox 868 2187 994 2263; x_wconf 90' lang='lat' dir='ltr'>otiosa.</span> <span class='ocrx_word' id='word_1_106' title='bbox 1006 2192 1029 2229; x_wconf 87' lang='lat'>“</span> <span class='ocrx_word' id='word_1_107' title='bbox 1074 2184 1090 2215; x_wconf 81' lang='lat'>⁸</span> <span class='ocrx_word' id='word_1_108' title='bbox 1158 2195 1160 2199; x_wconf 81' lang='grc'><strong>’</strong></span> 
     </span>
    </p>
   </div>
   <div class='ocr_carea' id='block_1_2' title="bbox 204 2413 1218 3924">
    <p class='ocr_par' dir='ltr' id='par_1_2' title="bbox 204 2413 1218 3924">
     <span class='ocr_line' id='line_1_18' title="bbox 384 2413 1202 2511; baseline 0.002 -18"><span class='ocrx_word' id='word_1_109' title='bbox 384 2419 589 2494; x_wconf 88' lang='lat' dir='ltr'>Universim</span> <span class='ocrx_word' id='word_1_110' title='bbox 630 2413 719 2511; x_wconf 63' lang='lat' dir='ltr'>vero</span> <span class='ocrx_word' id='word_1_111' title='bbox 746 2446 848 2492; x_wconf 70' lang='lat' dir='ltr'>‘unum</span> <span class='ocrx_word' id='word_1_112' title='bbox 887 2421 946 2496; x_wconf 83' lang='lat' dir='ltr'>hic</span> <span class='ocrx_word' id='word_1_113' title='bbox 986 2437 1202 2499; x_wconf 77' lang='lat' dir='ltr'>necessoaiun&#39;</span> 
     </span>
     <span class='ocr_line' id='line_1_19' title="bbox 299 2538 1170 2636; baseline -0.002 -20"><span class='ocrx_word' id='word_1_114' title='bbox 299 2541 447 2616; x_wconf 89' lang='lat' dir='ltr'>unicum</span> <span class='ocrx_word' id='word_1_115' title='bbox 465 2538 632 2612; x_wconf 90' lang='lat' dir='ltr'>omnibus</span> <span class='ocrx_word' id='word_1_116' title='bbox 651 2538 877 2636; x_wconf 91' lang='lat' dir='ltr'>propositum</span> <span class='ocrx_word' id='word_1_117' title='bbox 897 2539 1008 2628; x_wconf 84' lang='lat' dir='ltr'>finem</span> <span class='ocrx_word' id='word_1_118' title='bbox 1023 2542 1170 2616; x_wconf 86' lang='lat' dir='ltr'>ultimum</span> 
     </span>
     <span class='ocr_line' id='line_1_20' title="bbox 282 2639 1170 2756; baseline -0.003 -25"><span class='ocrx_word' id='word_1_119' title='bbox 282 2660 335 2731; x_wconf 81' lang='lat' dir='ltr'>&#39;in</span> <span class='ocrx_word' id='word_1_120' title='bbox 360 2657 611 2756; x_wconf 89' lang='lat' dir='ltr'>prosequenda</span> <span class='ocrx_word' id='word_1_121' title='bbox 633 2639 709 2728; x_wconf 89' lang='lat' dir='ltr'>Dei</span> <span class='ocrx_word' id='word_1_122' title='bbox 729 2656 841 2751; x_wconf 79' lang='lat' dir='ltr'>gloria</span> <span class='ocrx_word' id='word_1_123' title='bbox 865 2656 1050 2753; x_wconf 78' lang='lat' dir='ltr'>designat:</span> <span class='ocrx_word' id='word_1_124' title='bbox 1078 2683 1170 2756; x_wconf 87' lang='lat' dir='ltr'>quem</span> 
     </span>
     <span class='ocr_line' id='line_1_21' title="bbox 298 2774 1171 2873; baseline -0.002 -27"><span class='ocrx_word' id='word_1_125' title='bbox 298 2777 445 2871; x_wconf 89' lang='lat' dir='ltr'>quidem</span> <span class='ocrx_word' id='word_1_126' title='bbox 479 2775 581 2846; x_wconf 89' lang='lat' dir='ltr'>etiam</span> <span class='ocrx_word' id='word_1_127' title='bbox 614 2774 765 2845; x_wconf 82' lang='lat' dir='ltr'>Martha</span> <span class='ocrx_word' id='word_1_128' title='bbox 792 2774 898 2845; x_wconf 91' lang='lat' dir='ltr'>unice</span> <span class='ocrx_word' id='word_1_129' title='bbox 931 2795 1109 2873; x_wconf 89' lang='lat' dir='ltr'>occupata</span> <span class='ocrx_word' id='word_1_130' title='bbox 1142 2774 1171 2846; x_wconf 89' lang='lat' dir='ltr'>iu</span> 
     </span>
     <span class='ocr_line' id='line_1_22' title="bbox 296 2888 1171 2984; baseline 0 -22"><span class='ocrx_word' id='word_1_131' title='bbox 296 2890 492 2962; x_wconf 87' lang='lat' dir='ltr'>ministerio</span> <span class='ocrx_word' id='word_1_132' title='bbox 514 2888 668 2960; x_wconf 86' lang='lat' dir='ltr'>Domini</span> <span class='ocrx_word' id='word_1_133' title='bbox 692 2889 932 2984; x_wconf 87' lang='lat' dir='ltr'>persequitur;</span> <span class='ocrx_word' id='word_1_134' title='bbox 959 2892 1023 2964; x_wconf 83' lang='lat' dir='ltr'>sed</span> <span class='ocrx_word' id='word_1_135' title='bbox 1045 2893 1171 2967; x_wconf 78' lang='lat' dir='ltr'>beatior</span> 
     </span>
     <span class='ocr_line' id='line_1_23' title="bbox 204 3004 1171 3107; baseline 0.005 -27"><span class='ocrx_word' id='word_1_136' title='bbox 204 3017 206 3022; x_wconf 80' lang='grc'>’</span> <span class='ocrx_word' id='word_1_137' title='bbox 297 3005 429 3081; x_wconf 83' lang='lat' dir='ltr'>Mariae</span> <span class='ocrx_word' id='word_1_138' title='bbox 450 3005 494 3078; x_wconf 92' lang='lat' dir='ltr'>ad</span> <span class='ocrx_word' id='word_1_139' title='bbox 516 3006 628 3102; x_wconf 83' lang='lat' dir='ltr'>pedes</span> <span class='ocrx_word' id='word_1_140' title='bbox 649 3004 803 3078; x_wconf 91' lang='lat' dir='ltr'>Domini</span> <span class='ocrx_word' id='word_1_141' title='bbox 825 3006 918 3094; x_wconf 82' lang='lat' dir='ltr'>sors,</span> <span class='ocrx_word' id='word_1_142' title='bbox 945 3034 1103 3106; x_wconf 87' lang='lat' dir='ltr'>parsque</span> <span class='ocrx_word' id='word_1_143' title='bbox 1122 3037 1171 3107; x_wconf 66' lang='lat' dir='ltr'>ota</span> 
     </span>
     <span class='ocr_line' id='line_1_24' title="bbox 295 3122 1171 3226; baseline -0.001 -28"><span class='ocrx_word' id='word_1_144' title='bbox 295 3125 382 3198; x_wconf 89' lang='lat' dir='ltr'>tima</span> <span class='ocrx_word' id='word_1_145' title='bbox 402 3123 667 3221; x_wconf 81' lang='lat' dir='ltr'>depraedicatur.</span> <span class='ocrx_word' id='word_1_146' title='bbox 699 3122 830 3219; x_wconf 87' lang='lat' dir='ltr'>Neque</span> <span class='ocrx_word' id='word_1_147' title='bbox 852 3123 1007 3200; x_wconf 82' lang='lat' dir='ltr'>Martha</span> <span class='ocrx_word' id='word_1_148' title='bbox 1023 3127 1171 3226; x_wconf 82' lang='lat' dir='ltr'>satagens</span> 
     </span>
     <span class='ocr_line' id='line_1_25' title="bbox 296 3236 1217 3337; baseline 0.001 -23"><span class='ocrx_word' id='word_1_149' title='bbox 296 3243 389 3314; x_wconf 85' lang='lat' dir='ltr'>circa</span> <span class='ocrx_word' id='word_1_150' title='bbox 413 3244 579 3337; x_wconf 85' lang='lat' dir='ltr'>frequens</span> <span class='ocrx_word' id='word_1_151' title='bbox 605 3239 861 3328; x_wconf 87' lang='lat' dir='ltr'>ministerium,</span> <span class='ocrx_word' id='word_1_152' title='bbox 889 3270 984 3314; x_wconf 84' lang='lat' dir='ltr'>unum</span> <span class='ocrx_word' id='word_1_153' title='bbox 1009 3236 1172 3319; x_wconf 84' lang='lat' dir='ltr'>illudne·</span> <span class='ocrx_word' id='word_1_154' title='bbox 1201 3280 1217 3315; x_wconf 75' lang='grc'>·,</span> 
     </span>
     <span class='ocr_line' id='line_1_26' title="bbox 296 3358 1218 3458; baseline 0.009 -26"><span class='ocrx_word' id='word_1_155' title='bbox 296 3360 409 3455; x_wconf 81' lang='lat' dir='ltr'>glexit</span> <span class='ocrx_word' id='word_1_156' title='bbox 437 3371 670 3436; x_wconf 69' lang='lat' dir='ltr'>necessariums,</span> <span class='ocrx_word' id='word_1_157' title='bbox 697 3384 718 3430; x_wconf 88' lang='lat' dir='ltr'>a</span> <span class='ocrx_word' id='word_1_158' title='bbox 748 3383 821 3454; x_wconf 92' lang='lat' dir='ltr'>quo</span> <span class='ocrx_word' id='word_1_159' title='bbox 853 3358 1066 3458; x_wconf 88' lang='lat' dir='ltr'>quicunque</span> <span class='ocrx_word' id='word_1_160' title='bbox 1092 3385 1172 3436; x_wconf 83' lang='lat' dir='ltr'>rece·</span> <span class='ocrx_word' id='word_1_161' title='bbox 1215 3400 1218 3440; x_wconf 85' lang='grc' dir='ltr'>ι</span> 
     </span>
     <span class='ocr_line' id='line_1_27' title="bbox 297 3476 1218 3577; baseline 0.001 -28"><span class='ocrx_word' id='word_1_162' title='bbox 297 3479 406 3559; x_wconf 89' lang='lat' dir='ltr'>dunt,</span> <span class='ocrx_word' id='word_1_163' title='bbox 435 3493 513 3577; x_wconf 83' lang='lat' dir='ltr'>toto</span> <span class='ocrx_word' id='word_1_164' title='bbox 533 3476 698 3548; x_wconf 89' lang='lat' dir='ltr'>aberrant</span> <span class='ocrx_word' id='word_1_165' title='bbox 718 3480 827 3564; x_wconf 88' lang='lat' dir='ltr'>coelo,</span> <span class='ocrx_word' id='word_1_166' title='bbox 855 3501 1109 3577; x_wconf 90' lang='lat' dir='ltr'>quamcunque</span> <span class='ocrx_word' id='word_1_167' title='bbox 1127 3501 1170 3550; x_wconf 87' lang='lat' dir='ltr'>at·</span> <span class='ocrx_word' id='word_1_168' title='bbox 1215 3519 1218 3560; x_wconf 92' lang='grc'>;</span> 
     </span>
     <span class='ocr_line' id='line_1_28' title="bbox 296 3591 1218 3688; baseline 0.001 -21"><span class='ocrx_word' id='word_1_169' title='bbox 296 3595 432 3667; x_wconf 90' lang='lat' dir='ltr'>tionem</span> <span class='ocrx_word' id='word_1_170' title='bbox 461 3600 536 3663; x_wconf 82' lang='lat' dir='ltr'>hon</span> <span class='ocrx_word' id='word_1_171' title='bbox 564 3591 608 3663; x_wconf 89' lang='lat' dir='ltr'>ad</span> <span class='ocrx_word' id='word_1_172' title='bbox 633 3591 756 3664; x_wconf 90' lang='lat' dir='ltr'>Deum</span> <span class='ocrx_word' id='word_1_173' title='bbox 781 3612 948 3688; x_wconf 90' lang='lat' dir='ltr'>tanquam</span> <span class='ocrx_word' id='word_1_174' title='bbox 972 3595 1086 3669; x_wconf 91' lang='lat' dir='ltr'>finem</span> <span class='ocrx_word' id='word_1_175' title='bbox 1106 3592 1170 3670; x_wconf 85' lang='lat' dir='ltr'>ulti·</span> <span class='ocrx_word' id='word_1_176' title='bbox 1216 3672 1218 3677; x_wconf 71' lang='grc'>,</span> 
     </span>
     <span class='ocr_line' id='line_1_29' title="bbox 295 3708 1218 3813; baseline 0.003 -31"><span class='ocrx_word' id='word_1_177' title='bbox 295 3737 393 3782; x_wconf 87' lang='lat' dir='ltr'>mum</span> <span class='ocrx_word' id='word_1_178' title='bbox 415 3708 608 3781; x_wconf 86' lang='lat' dir='ltr'>virtualiter</span> <span class='ocrx_word' id='word_1_179' title='bbox 625 3710 765 3797; x_wconf 87' lang='lat' dir='ltr'>saltem,</span> <span class='ocrx_word' id='word_1_180' title='bbox 788 3731 828 3782; x_wconf 93' lang='lat' dir='ltr'>ut</span> <span class='ocrx_word' id='word_1_181' title='bbox 847 3712 1011 3808; x_wconf 89' lang='lat' dir='ltr'>theologi</span> <span class='ocrx_word' id='word_1_182' title='bbox 1030 3718 1170 3813; x_wconf 78' lang='lat' dir='ltr'>loquuti·</span> <span class='ocrx_word' id='word_1_183' title='bbox 1213 3752 1218 3795; x_wconf 58' lang='lat' dir='ltr'>a</span> 
     </span>
     <span class='ocr_line' id='line_1_30' title="bbox 294 3827 1210 3924; baseline 0.003 -23"><span class='ocrx_word' id='word_1_184' title='bbox 294 3846 376 3915; x_wconf 82' lang='lat' dir='ltr'>tur,</span> <span class='ocrx_word' id='word_1_185' title='bbox 403 3827 610 3921; x_wconf 75' lang='lat' dir='ltr'>referendo:</span> <span class='ocrx_word' id='word_1_186' title='bbox 639 3829 956 3924; x_wconf 87' lang='lat' dir='ltr'>pertinetque-hoc</span> <span class='ocrx_word' id='word_1_187' title='bbox 975 3858 1074 3908; x_wconf 70' lang='lat' dir='ltr'>renum</span> <span class='ocrx_word' id='word_1_188' title='bbox 1089 3856 1170 3908; x_wconf 83' lang='lat' dir='ltr'>neos·</span> <span class='ocrx_word' id='word_1_189' title='bbox 1206 3840 1210 3847; x_wconf 89' lang='lat'>&#39;</span> 
     </span>
    </p>
   </div>
   <div class='ocr_carea' id='block_1_3' title="bbox 334 3970 678 4060">
    <p class='ocr_par' dir='ltr' id='par_1_3' title="bbox 334 3970 678 4060">
     <span class='ocr_line' id='line_1_31' title="bbox 334 3970 678 4060; baseline -0.009 -2"><span class='ocrx_word' id='word_1_190' title='bbox 334 3970 600 4060; x_wconf 66' lang='lat' dir='ltr'>a)r.11.p.‘540‘.</span> <span class='ocrx_word' id='word_1_191' title='bbox 676 4004 678 4009; x_wconf 83' lang='lat'><em>·</em></span> 
     </span>
    </p>
   </div>
   <div class='ocr_carea' id='block_1_4' title="bbox 0 0 1224 4566">
    <p class='ocr_par' dir='ltr' id='par_1_4' title="bbox 0 0 1224 4566">
     <span class='ocr_line' id='line_1_32' title="bbox 0 0 1224 4566; baseline 0 0"><span class='ocrx_word' id='word_1_192' title='bbox 0 0 1224 4566; x_wconf 95' lang='lat' dir='ltr'> </span> 
     </span>
    </p>
   </div>
  </div>
 </body>
</html>
