2438 4566
411 323 642 339 Ἃ

890 294 964 380 267

158 435 307 512 Abusus
331 456 384 512 est
408 440 583 513 hocloco
606 439 785 537 Origenes
807 440 852 514 ad
874 466 962 522 asse·
985 433 1106 497 ΕΔΜ

80 559 234 632 rendam
252 559 346 629 suam
368 556 627 639 restitutionem
652 558 900 635 damnatorum
925 550 1126 654 inLXXV¹¹¹⁶

82 676 228 748 inferno
254 675 290 745 in
315 673 500 770 pristinum
530 673 676 769 statum3
706 656 774 749 sed
791 674 861 749 iam
885 673 1119 751 satisW*

80 791 134 866 illi
151 791 349 888 repositum
368 789 652 900 responsumque
668 792 750 879 fuit,
767 791 968 877 intermina·

84 928 158 982 tam
191 908 313 1005 potius
346 927 380 979 et
409 928 572 991 aeternam
603 908 755 994 intutam
783 909 969 1011 fignificari

86 1051 251 1124 poenam,
265 1022 416 1120 'eoquod
430 1024 506 1110 fieri
520 1043 691 1122 nequeat,
711 1042 750 1110 ut
762 1027 968 1104 universum

88 1142 248 1215 debitum
267 1126 380 1223 soluat
401 1161 559 1226 creatura
579 1124 664 1237 Deo
689 1143 838 1220 creatori
857 1145 968 1217 offen·

85 1286 139 1333 so.
168 1259 344 1340 Parabola
368 1259 445 1343 haec
465 1258 689 1343 versantibus
711 1259 815 1332 nobis
837 1261 875 1344 in
897 1261 969 1335 hoc

85 1378 218 1450 faeculo
244 1377 428 1477 proposita
455 1392 509 1455 est
534 1374 580 1446 ab
600 1362 651 1455 ¹eo
677 1373 758 1470 ipso
783 1377 968 1472 unigenito

88 1492 182 1567 Filio
205 1491 298 1585 Dei,
320 1490 434 1590 quiin
456 1493 553 1564 bunc
575 1492 751 1575 mundum
768 1491 814 1575 ad
835 1494 971 1577 [olven-

88 1611 134 1681 da
153 1628 288 1681 aeterno
308 1607 402 1692 Patri
429 1607 548 1685 debita
567 1607 682 1683 venit:
710 1607 871 1705 atque·in
895 1608 972 1707 ipsa

88 1726 154 1798 hac
173 1725 346 1822 parabola
365 1724 505 1821 roganti
526 1726 648 1811 servor
677 1733 868 1802 Patientiam
892 1735 969 1798 hane
1078 1788 1085 1797 .

88 1854 122 1916 in
146 1872 217 1931 me,
243 1863 275 1922 et
294 1855 408 1945 ‘omniur
435 1852 560 1928 reddam
588 1853 646 1926 tibi
658 1883 670 1928 ‚-
708 1867 783 1926 non
809 1862 970 1932 tantum,

89 1978 264 2056 quantum
281 1961 400 2045 servus
415 1959 574 2055 rogavit,
595 1959 805 2048 indulserat,
822 1961 883 2044 sed
903 1986 970 2057 pro

88 2074 227 2149 infinita
247 2075 488 2160 misericordia
507 2077 569 2162 [ua
587 2075 792 2161 universum
809 2077 970 2162 debitum

92 2191 281 2270 dimiserat,
332 2191 455 2288 Atque
477 2193 514 2273 in
532 2182 601 2278 hoc
624 2213 677 2276 est
694 2191 748 2276 vis
768 2211 803 2278 er
819 2192 971 2277 sublimi·

92 2327 143 2382 tas
168 2307 274 2382 buius
298 2309 495 2404 sententiae,
519 2310 784 2408 verborumque
815 2311 967 2390 Christi:

91 2435 183 2500 Serve
198 2454 329 2519 nequam
348 2455 435 2510 Omne
452 2436 588 2510 debitum
607 2437 712 2510 dimisi
731 2414 808 2522 tibi²
831 2447 871 2508 ut
889 2453 971 2529 pro·

91 2542 213 2640 posito
240 2541 345 2621 uobis
371 2539 604 2627 redemtionis
631 2560 759 2624 nostrae
781 2561 970 2637 mysterrO,
1011 2587 1013 2591 v

90 2687 163 2758 quo
177 2686 215 2733 se
230 2660 392 2743 Christus
406 2678 519 2749 totum
533 2671 601 2757 p'ro
615 2657 720 2738 nobis
734 2661 864 2770 lytrrrm
877 2678 972 2737 aeter.

92 2804 140 2851 no
160 2777 258 2862 Patri
284 2778 431 2874 dignum
458 2775 625 2880 praebuit,
648 2800 714 2849 nos
740 2776 970 2872 peccantibus

93 2892 127 2967 in
145 2920 213 2969 nos
230 2894 392 2981 ,fratribus
410 2920 456 2982 ex
476 2894 680 2980 totocorde
698 2892 845 2990 perinde
860 2893 973 2968 dimit-

93 3028 217 3087 tamus.
244 3020 310 3096 Hoc
327 3033 372 3098 rsr
384 3033 569 3114 preceptum
584 3040 702 3110 meum,
722 3012 770 3094 ait
789 3011 969 3102 Christus,

95 3150 130 3201 ut
143 3114 285 3215 didgntis
301 3132 541 3222 invicem2stcut
552 3137 648 3211 dilexi
660 3155 728 3201 vos.
754 3129 819 3203 Et:
836 3135 971 3201 Manda-

93 3265 159 3317 tum
178 3273 299 3331 novunr
320 3255 359 3316 do
379 3251 487 3340 vobis,
509 3263 545 3315 ut
567 3253 705 3333 diligatis
723 3255 870 3332 r'rrnicem,
889 3252 973 3332 stent

95 3372 192 3436 dilexi
209 3390 276 3441 vos,
314 3361 405 3455 Quae
424 3384 546 3455 quaeso
568 3359 681 3444 'rnaior
699 3359 876 3456 dignatio,
901 3387 973 3439 ma·

94 3476 148 3551 ior
170 3504 255 3573 erga
274 3478 420 3562 miseros
439 3502 505 3549 nos
524 3475 652 3553 divinae
672 3479 863 3558 clementiae
880 3475 972 3549 testi·

94 3595 214 3670 ficatio
228 3619 303 3667 esse
321 3613 439 3696 potest
452 3620 557 3703 quam
576 3594 651 3679 haec
670 3595 849 3693 reciproca
869 3592 973 3664 dilec-

95 3711 201 3787 tionis
228 3712 407 3806 conditio,
440 3737 545 3808 qnam
570 3724 686 3786 tamen
710 3737 755 3782 ex
783 3727 883 3808 parte
909 3733 973 3784 no·

95 3851 161 3906 stra
182 3856 368 3930 nunqnam
391 3809 579 3926 adaequare
601 3828 825 3935 possumus?
