2608 4684
636 305 873 356 'm

638 361 873 380 μ-ι-ῌ

318 327 393 422 35⁶

174 491 288 558 error
317 493 455 553 coenam
472 474 595 550 venire
615 474 874 548 detrectarat
899 467 1093 572 Postquam
1112 480 1204 551 mul·

185 609 283 668 xcvl·
317 597 360 671 tis
386 597 420 670 S.
446 595 549 666 Pater
576 592 825 665 excusationes
850 589 1085 689 explicasset,
1125 615 1203 667 tan-
1300 639 1302 648 ‚

158 717 399 789 wvdem
431 712 551 785 omnia
577 709 792 805 recolligens
816 704 862 782 ad
892 705 982 784 illud
1010 711 1039 783 1.
1067 711 1122 784 lo.
1152 712 1201 786 ΙΙ.

319 838 375 907 16.
401 842 555 925 ,Quoniam
575 852 682 916 omne,
709 831 796 920 quod
812 847 859 900 est
878 838 911 902 itt
931 837 1068 906 mundos
1094 855 1200 902 concu-

307 961 463 1044 piscentia
484 958 585 1018 carnis
609 968 676 1032 est,
700 965 732 1017 et
754 956 999 1035 concupiscentia
1017 955 1201 1036 oculorum,

314 1089 344 1142 et
354 1076 503 1157 strperlria
520 1076 604 1135 aits.
645 1107 668 1148 „
679 1055 982 1158 Concupiscentia
1000 1061 1114 1136 carnis
1132 1063 1201 1136 ait:

314 1209 441 1256 uxorem
479 1190 568 1252 duxi.
647 1177 954 1278 Concupiscentia
990 1183 1202 1253 oculorum:

314 1313 447 1393 quiaque
475 1310 551 1384 iuga
583 1301 676 1368 boum
709 1300 780 1368 emi.-
855 1289 1019 1370 Ambitio
1055 1296 1201 1369 saeculi:

313 1425 424 1487 villam
454 1416 561 1487 emi.“
627 1411 824 1486 Videamus
849 1407 919 1486 iarn·
947 1413 1037 1510 qnid
1065 1415 1203 1510 spretus

314 1531 499 1608 Dominus
526 1548 629 1627 agat}
663 1533 747 1603 Tana
771 1543 876 1604 iratus¹
894 1541 1132 1623 paterfamilias
1156 1541 1205 1603 cli·

315 1663 368 1722 xit
377 1658 477 1739 servo
489 1656 574 1737 sao.-
602 1655 666 1716 Exr‘
685 1660 750 1718 cito*
771 1659 804 1718 in
819 1659 946 1739 plateas
968 1660 1104 1722 etnicos
1127 1661 1205 1720 civi·

315 1782 411 1854 tatis,
439 1790 471 1842 et
486 1786 644 1857 pauperes
665 1785 703 1836 ac
723 1773 834 1839 debiles
846 1813 855 1853 ,-
883 1779 1040 1854 eleetos,
1067 1788 1099 1838 et
1120 1776 1206 1838 clatr-

316 1895 373 1960 dos
396 1893 538 1956 introduc
563 1891 633 1954 lrao
698 1879 810 1954 Tales
835 1883 917 1956 sunt·
940 1882 1128 1969 homines,
1155 1881 1204 1954 ad

315 2028 408 2100 quos
440 1995 603 2073 Christus
641 1991 728 2070 dicit
756 1988 984 2072 sevenisse:
1026 2012 1096 2074 Non
1125 2029 1204 2093 opas

315 2143 362 2194 est
380 2125 472 2208 sanis
501 2127 638 2202 medico,
661 2118 727 2205 sed
753 2123 834 2190 malt
868 2116 1061 2190 habentibus
1133 2127 1205 2188 Note

313 2248 387 2308 oeni
415 2255 530 2306 vocare
558 2243 680 2319 iustos,
704 2237 767 2319 fied
786 2246 964 2324 peccatores
992 2230 1043 2324 a),
1110 2233 1206 2322 „Sic

316 2353 421 2426 etiam
449 2369 644 2447 pauperes,
674 2367 709 2421 et
732 2342 866 2422 debiles¹
893 2341 1081 2438 dicuntur,-
1107 2370 1147 2427 ut
1167 2350 1206 2422 S.

315 2469 513 2565 Gregorius
535 2467 595 2540 M.
620 2467 779 2562 loquitur
802 2463 861 2556 b),
889 2468 952 2565 qui
978 2468 1113 2541 iudicio
1137 2452 1227 2542 suo*

315 2581 415 2686 apud
435 2583 638 2681 semetipsos
659 2584 789 2656 infirmi
811 2580 938 2657 Τιιῐιῑές
998 2584 1102 2659 Talis
1128 2604 1206 2660 erae

314 2705 541 2805 publicanus,
571 2720 606 2775 et
631 2701 758 2774 mulier
776 2701 836 2775 illa
854 2701 891 2774 in
914 2695 1056 2778 civitate
1076 2721 1205 2802 pecca-

314 2825 406 2897 trix:
444 2819 626 2916 publicani
656 2838 692 2891 et
723 2819 951 2910 meretrices,
988 2837 1080 2918 qu'os
1114 2820 1206 2894 dicits
1301 2879 1302 2890 ,

315 2935 479 3012 Christus
515 2951 748 3032 praecessuros
784 2926 822 3006 in
857 2956 1009 3035 regnum
1042 2937 1119 3011 Dei
1154 2935 1205 3028 c).

313 3067 357 3130 Et
375 3050 567 3143 ar't'se'rurrs:
594 3061 727 3126 Domine
733 3053 862 3142 factam
883 3077 946 3142 est,
958 3076 1007 3126 ‘ut
1026 3067 1205 3147 imperasti,

312 3173 569 3248 erathostenes
591 3190 645 3247 ests
697 3179 736 3245 Et
759 3172 810 3242 ait
829 3175 980 3244 Dominus
990 3182 1108 3261 struo.-
1135 3184 1205 3246 Exi

311 3303 345 3362 in
361 3304 451 3376 vllts,
474 3311 505 3361 et
519 3299 628 3380 sepes,
650 3311 681 3360 et
701 3286 843 3380 compelle
861 3293 988 3363 intrare.
1040 3290 1126 3364 Hoc
1148 3309 1204 3365 est
1300 3305 1301 3322 ¹

313 3406 414 3505 quod
444 3395 676 3478 Ecclesia'ad
704 3403 828 3478 Deum
858 3427 958 3494 orat,
996 3427 1036 3480 ut
1057 3427 1202 3482 nostras

312 3527 417 3598 etiam
456 3521 606 3594 rebelles
644 3527 837 3620 compellat
866 3527 1080 3598 voluntates.
1148 3525 1202 3599 Es
1233 3507 1235 3510 .

313 3642 476 3714 Christus
504 3635 569 3728 d):'-
613 3647 709 3710 Nemo
731 3654 818 3714 venit
847 3641 893 3712 ad
917 3662 983 3728 me',
1011 3654 1072 3712 nisi
1099 3653 1201 3716 Pater

312 3743 448 3832 traxerit
477 3786 557 3830 earm
624 3757 746 3832 Nemo
771 3775 883 3858 porro
909 3780 1097 3850 nostrum,
1127 3759 1200 3838 nisi
1299 3775 1300 3794 ¹

344 3950 376 4027 a)
396 3954 497 4010 araas.
518 3953 575 4011 [Χ.
599 3925 639 4010 n.
662 3958 703 4022 ις.
810 3954 841 4026 r)
862 3955 942 4012 mm.
963 3955 1108 4018 rrrrrrrr.

375 4021 405 4093 t)
423 4024 525 4080 Mutet.
547 4025 631 4080 XIX.
651 4037 695 4093 3ο.
801 4023 833 4098 sl)
850 4027 897 4095 Jtt.
920 4025 971 4087 VI.
989 4042 1034 4095 44.
