2438 4566
401 301 632 316 ,ην-ιιι-

884 281 955 355 375

72 416 256 516 sanciens,
276 417 336 490 led
348 414 508 491 l'uas'ione
523 437 557 489 et
570 408 818 491 exhortatione
832 438 955 502 utens;
983 405 1098 467 ΟΜ

72 522 201 620 tertio,
222 535 321 628 quod
340 536 443 607 detur
462 535 538 605 haec
556 535 699 608 facultas
718 536 953 631 virginitatem
988 526 1089 582 xcix,

57 650 223 722 'colendi
255 651 319 738 iis,
358 653 420 748 qui
455 651 725 748 intemperantia
759 645 1115 748 superiores&
1210 741 1212 745 y

72 767 277 855 extiterint,
312 769 373 864 qui
402 768 597 865 pretiosum
625 771 722 841 illum
750 770 952 842 thesaurum

71 883 215 955 ieiuniis
243 904 348 981 atque
376 885 503 980 vigiliis
539 887 846 973 conservaverint,
887 909 954 956 nec

72 975 289 1097 semetipsosl
303 1005 384 1074 ferae
408 1004 533 1074 belluae
554 1028 618 1100 per
640 1003 816 1100 ignaviam
840 1023 874 1074 et
896 1003 954 1075 de·
1049 1037 1052 1044 ·

69 1116 172 1190 licias
196 1118 428 1214 prodiderint.
492 1119 587 1191 Nam
616 1120 644 1192 si
668 1120 861 1191 secundum
885 1120 955 1190 lor·

69 1234 235 1308 titionem
255 1237 445 1331 quamdam
466 1236 626 1323 daretur,
650 1239 951 1332 supervacaneum

69 1372 165 1424 esset
183 1353 364 1448 praemium
384 1352 508 1448 (quod
528 1351 738 1447 virginitatis
757 1353 951 1425 cultoribus

71 1488 127 1540 est
154 1467 408 1566 propositum)
436 1470 496 1542 led
525 1469 591 1542 illis
619 1471 741 1555 datur,
777 1470 837 1564 qui
865 1469 952 1541 acci·

67 1611 160 1682 pere
182 1589 320 1659 volunt.
366 1587 436 1659 Illis
459 1587 571 1674 enim,
592 1587 653 1682 qui
674 1589 819 1673 nolunt,
844 1611 950 1657 nemo

69 1701 156 1788 erit,
177 1702 241 1798 qui
262 1703 302 1774 srt
323 1704 477 1775 daturus.
490 1707 512 1741 “
562 1703 594 1774 S.
617 1704 781 1810 Thomas
801 1703 872 1774 hoc
893 1728 952 1774 ex·

67 1820 180 1918 plicat
204 1824 369 1917 exemplo
388 1819 487 1892 ducis
506 1821 698 1907 exercitus,
720 1820 780 1916 qui
804 1819 950 1915 quando

69 1937 255 2032 capienda·
268 1959 320 2008 est
342 1936 484 2023 civitas,
513 1917 597 2010 dicit
618 1936 679 2027 a):
716 1989 738 2023 „
750 1938 824 2030 Qui
847 1936 952 2008 intra·

68 2051 125 2125 bit
143 2052 338 2140 civitatem,
365 2053 505 2127 dabitur
524 2054 555 2126 ei
572 2056 642 2129 hoc
659 2058 715 2126 vel
734 2055 839 2126 illud:
865 2053 951 2125 ficut

40 2176 42 2182 '
68 2170 161 2243 dicit
185 2169 307 2243 David
337 2171 457 2244 Joab..
492 2171 645 2268 ,Siequi
673 2156 793 2270 potest
821 2196 948 2265 capere

68 2308 106 2360 et
129 2286 335 2372 continere,
366 2287 500 2384 capiat,
529 2310 564 2360 et
587 2316 660 2360 non
686 2316 723 2361 se
749 2289 911 2360 retrahat.
928 2289 951 2325 “

69 2388 200 2480 Paucis
219 2403 337 2474 verbis
359 2403 680 2500 fimplicissimaque
700 2405 872 2475 sententia
894 2399 952 2475 an·
986 2416 988 2420 '

67 2519 203 2616 gelicus
220 2518 276 2591 hic
292 2519 399 2591 nobis
418 2520 572 2618 explicat
587 2522 734 2606 doctor,
754 2521 951 2614 angelicam

66 2638 164 2710 illam
200 2634 346 2708 vivendi
381 2663 540 2708 normam
577 2637 770 2709 secundum
804 2636 950 2707 consilia

67 2753 294 2849 evangelica,
322 2779 397 2824 non
422 2755 658 2827 voluntariam
688 2774 823 2826 tantum
852 2753 949 2853 casti·

68 2892 351 2957 tatem‚‘verum
380 2871 482 2943 etiam
512 2873 741 2969 spontaneam
768 2893 949 2969 pauperta-

65 3009 161 3074 tem,
188 3006 223 3060 et
243 2987 432 3083 perfectam
461 2988 717 3075 obedientiam,
745 2976 844 3062 cuius
866 3016 948 3061 con-

64 3121 279 3179 summatum
318 3123 543 3198 prototypon
579 3105 741 3174 Christus
772 3097 805 3171 in
842 3129 879 3173 se
913 3125 948 3176 et
1058 3139 1061 3146 ·

66 3220 239 3319 apostolis
271 3221 339 3294 luis
375 3219 523 3315 primurn
561 3221 728 3314 reliquit3
770 3219 948 3314 aptissima

65 3364 156 3412 vero
187 3337 453 3434 comparatione
481 3337 585 3409 nobis
613 3339 662 3409 ob
691 3341 815 3410 oculos
845 3339 948 3432 ponit
1027 3433 1029 3438 Ι

64 3454 117 3529 D.
131 3455 298 3526 Thomas
313 3456 478 3549 exemplo
497 3453 701 3541 belliducis‚
725 3455 946 3527 voluntarios

64 3572 129 3644 fibi
152 3569 364 3668 segregantis
386 3571 511 3644 milites
536 3572 579 3644 ad
605 3571 878 3668 expugnandam
903 3569 947 3640 ci-

62 3689 233 3775 vitatem,
270 3715 374 3785 qnam
404 3689 460 3762 hic
492 3692 666 3761 coelestem
697 3686 943 3780 intelligimus,

63 3806 235 3902 siquidem
256 3833 276 3877 a
299 3807 423 3879 diebus
443 3807 607 3892 loannis,
632 3795 777 3899 quando
800 3805 945 3877 consilia

97 3948 128 4023 a)
147 3955 182 4008 In
199 3954 302 4010 Mattlr.
323 3955 407 4009 XIX.
431 3956 462 4009 T.
482 3954 544 4011 HI.
562 3967 588 4023 p.
609 3967 667 4018 250.
