2566 4680
363 326 437 412 278
684 299 924 356 “”“““““’
945 335 950 350 ’

225 468 340 535 Μυῒ
363 471 444 548 loot
469 463 534 562 a),
572 495 639 544 nec
667 469 771 542 ritum
798 471 913 560 solum
944 494 991 544 ex
1018 468 1236 568 scriptoribus

214 591 346 653 ῑΧΧΧῐ·
366 586 521 664 Judaicis
545 587 732 676 describit,
758 588 820 659 led
843 587 946 660 etiarn
966 587 1168 661 testimonia
1187 617 1236 662 eo·

212 711 444 788 *Wrurn
468 707 586 794 affert,
613 703 840 778 haustionem
862 706 955 778 hanc
977 732 1018 778 ac
1039 705 1236 778 libationem

365 821 576 898 effusionem
613 821 760 920 Spiritus
793 821 825 893 S.
863 822 1064 916 denotasse.
1100 891 1102 896 ,
1141 821 1236 917 Aqua

367 937 499 1018 hauriri
528 937 664 1011 solebat
691 964 736 1010 ex
762 939 862 1012 fonte
888 938 983 1012 Siloe
1006 939 1045 1014 in
1075 941 1237 1036 amphora

368 1074 555 1153 argentea,
595 1081 642 1127 ex
668 1053 766 1127 cuius
795 1074 922 1127 ventre
950 1081 1040 1152 aqua
1069 1055 1156 1130 viva
1179 1055 1237 1126 dici

366 1191 486 1272 potest
512 1197 666 1268 egressa.
730 1170 838 1244 Bern.
862 1171 976 1270 Lamy
1000 1170 1037 1244 in
1062 1170 1236 1271 Apparatu

366 1288 503 1367 biblico
528 1314 606 1386 cap.
636 1292 670 1361 6.
702 1285 867 1361 delestis
896 1287 943 1361 src
969 1315 1044 1362 rem
1075 1289 1235 1387 explicat:

368 1407 557 1506 „Septima
583 1404 640 1477 die
663 1402 775 1476 ludaei
797 1403 1029 1502 circumibant
1051 1405 1179 1504 septies
1201 1407 1236 1476 al·

368 1541 473 1612 tare,
517 1523 626 1619 idque
669 1519 866 1594 vocabatur
902 1529 1054 1608 Magnum
1096 1532 1234 1595 Humana.

368 1639 550 1736 Magnam
569 1639 605 1710 in
623 1636 678 1710 his
699 1637 867 1712 omnibus
887 1637 999 1712 Judaei
1017 1640 1236 1737 praeferebant

369 1757 548 1842 laetitiam,
582 1753 806 1854 potissimum
832 1751 869 1824 in
896 1754 1086 1834 haustione
1109 1776 1143 1829 et
1167 1753 1235 1826 ellu-

369 1873 471 1948 sione
497 1895 616 1969 aquae,
643 1869 707 1968 qui
728 1867 928 1973 praecipuus
955 1891 1030 1945 erat
1053 1873 1142 1952 ritus
1163 1867 1234 1944 festi.

370 1989 543 2062 Sacerdos
586 1988 761 2087 quispiam
805 2013 887 2062 cum
933 2015 1044 2068 aureo
1085 1977 1260 2064 cantharo*

367 2103 443 2177 ibat
464 2105 510 2178 ad
528 2105 666 2180 fontem
687 2109 745 2186 vel
765 2103 938 2202 piscinam
957 2095 1070 2196 Siloe,
1101 2127 1234 2200 eumque

366 2247 460 2326 aqua
486 2222 674 2318 implebam
702 2241 828 2320 postea
851 2223 1024 2301 rediens
1014 2249 1051 2301 tn
1079 2225 1234 2320 templum

365 2337 615 2419 ascendebat
606 2366 642 2412 tn
669 2341 799 2430 altare,
827 2358 863 2415 et
885 2358 1029 2440 peracto
1054 2339 1132 2469 iuga
1122 2335 1233 2410 sacri·

366 2455 452 2530 ficio
471 2455 646 2529 matutino
655 2473 883 2554 ,postquam
911 2457 1072 2535 membra
1096 2435 1259 2534 victima

365 2570 535 2702 imposita
556 2575 697 2654 fuerant
714 2572 832 2667 altari,
853 2573 948 2652 hanc
967 2598 1097 2676 aquam
1119 2571 1233 2646 libabat

365 2689 455 2764 vino
479 2689 635 2764 mixtam.
707 2687 844 2768 Interea
869 2689 1010 2794 h'ymnis
1034 2687 1233 2792 personabat

271 2855 274 2862 ·
364 2809 557 2901 templum,
586 2825 621 2877 et
647 2829 775 2898 magna
799 2805 918 2877 laetitia
942 2807 1258 2914 perfundebantur

365 2921 489 3000 ludaei.
540 2920 619 2995 Viri
645 2919 810 2992 Israelitae
829 2921 984 3000 maxime
1005 2923 1042 2995 in
1063 2925 1155 2997 festo
1175 2921 1232 2994 Ta·

365 3037 642 3120 anaculorum
665 3036 710 3110 de
733 3038 796 3134 lpe
822 3040 964 3113 venturi
985 3041 1135 3113 Messias
1157 3033 1230 3110 soliti

368 3169 475 3228 erant¹
485 3155 659 3252 gaudere;
678 3153 777 3229 cuius
792 3157 889 3236 dona
901 3157 1119 3234 abundantia
1136 3176 1230 3251 aqua,

366 3296 449 3366 quae
473 3272 668 3359 libabatur,
695 3271 881 3368 figurabat·
933 3272 1020 3350 Haec
1047 3274 1132 3346 dum
1152 3267 1230 3363 cogi·

366 3387 513 3475 tabant,
549 3414 623 3461 non
650 3385 822 3462 mediocri
850 3387 1094 3464 afficiebantur
1118 3385 1229 3463 laetitia.
1256 3381 1257 3438 l

367 3504 440 3602 Ipsi
471 3523 557 3576 tunc
589 3505 702 3577 ludaei
730 3506 1004 3602 interpretantur
1037 3508 1084 3580 de
1113 3508 1228 3580 haere

366 3625 487 3695 locum
510 3620 607 3692 illum
635 3619 752 3693 Isaiae:
791 3633 952 3696 Haurietis
974 3651 1074 3715 aquus
1098 3636 1133 3697 de
1144 3630 1229 3712 sonti·

366 3748 424 3810 bur
455 3748 639 3809 Salvatorir.
706 3738 768 3811 Ad
808 3740 948 3815 huncce
981 3743 1101 3814 locum
1135 3757 1167 3812 et
1191 3733 1228 3806 ad

367 3855 437 3936 lios
458 3856 543 3927 ritus
564 3854 897 3930 ‘sabernaculorum
917 3857 1098 3931 alludebat
1117 3847 1227 3929 Domi·
1255 3871 1256 3876 ’

406 4006 439 4081 a)
471 4005 602 4075 Lutrfm
622 4008 651 4060 r'rr
672 4007 771 4078 evang.
794 4006 841 4075 Jo.
866 4025 889 4066 e.
917 4007 984 4072 VII.
1015 4008 1047 4068 T·
1070 4009 1111 4067 ΙΙ.
1135 4018 1160 4098 p.
1183 4007 1223 4072 63¹
