2438 4566
413 293 657 343 ³·-
905 342 976 408 m

82 486 128 543 Se
151 448 360 563 negligant:
401 474 504 559 Quam
528 474 663 550 angusta
680 480 806 559 porta,
831 487 863 543 et
887 494 977 544 arcto
1006 476 1122 543 carna

86 596 148 659 via
173 606 243 671 est,
270 608 335 676 qua
360 591 448 654 ducit
474 590 654 656 advitam.
1026 598 1104 657 ΗΠ.

522 798 524 807 Ι
993 692 1138 776 “ww

164 814 261 911 Quae
288 813 388 912 apud
413 812 635 888 Matthaeum
659 814 770 891 verba
794 819 841 893 ad
867 818 1127 917 epilo-uifficilrs⁵

94 950 179 1035 'gum
210 931 396 1031 pertinent
429 931 635 1030 prolixioris
671 932 763 1007 inter
797 922 1132 1019 lermonesE,vangem

99 1050 252 1139 Christi,
281 1050 466 1125 concionis
492 1051 531 1122 in
560 1065 708 1140 monte,
736 1078 816 1150 quac
846 1022 1044 1152 perfec-”⁸⁶

96 1168 200 1245 tionis
221 1167 418 1243 christianae
438 1194 515 1241 non
536 1188 608 1240 tam
629 1152 886 1269 compendium
908 1194 979 1263 est,

98 1296 201 1383 quam
212 1284 518 1359 absolutissimum
534 1289 840 1380 complementum
859 1308 894 1362 et
909 1295 982 1365 cul-

97 1428 173 1478 men
199 1428 266 1501 per
292 1421 346 1476 tot
371 1429 413 1476 ac
440 1422 513 1475 tam
538 1402 702 1475 sublimia
726 1404 898 1480 doctrinae
925 1434 982 1482 ca·

97 1520 165 1619 pita
187 1520 288 1595 cami
313 1540 349 1592 et
369 1518 509 1592 mundo
532 1518 720 1616 paradoxa
741 1520 790 1593 ob
814 1541 869 1595 tot
891 1523 981 1598 diffi·
1054 1562 1060 1579 ι

98 1640 257 1726 cultates,
285 1636 416 1733 quibus
445 1635 599 1733 obsepta
626 1655 700 1716 est,
731 1657 767 1710 et
784 1641 977 1716 molestias.

60 1841 67 1863 ἡ
98 1752 194 1831 Hanc
221 1755 354 1852 igitur,
391 1779 499 1851 quam
525 1753 564 1824 in
590 1754 774 1851 superiore
799 1758 980 1833 concione

60 1916 77 1972 ρ,
97 1873 314 1961 ostenderat,
340 1871 410 1944 iarn
431 1872 470 1944 in
490 1872 724 1946 conclusione
744 1874 908 1950 hortatur
926 1877 978 1949 in·-

60 1974 72 2030 ²'
96 2006 180 2065 trare
212 2008 401 2087 angustam
434 2007 600 2087 portam,
641 2009 678 2095 et
710 1991 807 2067 viam
840 2006 975 2070 arctam

96 2108 185 2207 apud
198 2108 554 2196 Lucam,contcndite,
572 2107 704 2205 inquit,
718 2121 853 2199 intrare,
871 2112 977 2209 quod

94 2225 232 2327 proprie
274 2224 514 2322 pugnantium
552 2244 630 2313 est,
676 2246 783 2323 atque
823 2249 975 2303 conatus

96 2366 213 2416 omnes
240 2361 284 2439 et*
299 2342 413 2415 studia
431 2340 569 2437 flagitat
589 2369 653 2439 per
673 2370 834 2440 asperam
857 2365 892 2418 et
913 2348 976 2420 du:

60 2480 72 2509 ²=
95 2484 162 2533 ram
177 2459 218 2533 in
236 2458 435 2533 imitatione
453 2457 588 2530 Christi
607 2458 719 2532 crucis
735 2459 848 2548 viam,
867 2488 979 2559 quam

94 2576 273 2675 discipulis
293 2575 363 2650 suis
391 2573 568 2662 ostendit,
597 2575 707 2672 hique
724 2574 875 2674 impigre
894 2581 978 2652 sunt

93 2693 308 2783 consectati,
343 2706 424 2766 eum
449 2691 559 2766 secuti
582 2718 648 2790 per
672 2712 826 2767 mortem
854 2695 898 2767 ad
927 2694 977 2771 vi:

93 2826 177 2903 tam,
202 2838 271 2913 per
294 2811 500 2909 passionem
527 2811 573 2883 ad
596 2811 756 2908 gloriam.
806 2811 975 2903 „Arcta,

92 2926 203 3027 inquit
224 2930 260 3004 S.
285 2930 490 3028 Cyprianus
511 2925 570 3019 a),
599 2951 635 3003 et
654 2950 805 3027 angusta
824 2950 877 3006 est
895 2933 973 3023 via,

92 3068 169 3143 quae
186 3048 294 3122 ducit
310 3048 356 3120 ad
375 3046 504 3121 vitam:
527 3045 637 3118 durus
656 3067 691 3119 et
708 3049 840 3122 arduus
858 3050 972 3139 limes,

92 3164 149 3261 qui
167 3163 286 3239 tendit
305 3165 352 3237 ad
376 3162 536 3261 gloriam.
587 3162 656 3235 Per
678 3163 775 3237 hunc
797 3164 865 3240 viae
886 3168 974 3240 rimi-

94 3294 160 3355 tem
187 3300 363 3381 martyres
396 3298 575 3379 pergunt,
611 3298 697 3354 eunt
723 3280 902 3378 virgines,
938 3302 974 3359 e't

93 3390 168 3475 iusti
197 3398 333 3497 quique
362 3398 583 3497 gradiuntur.
643 3398 732 3493 Lata
758 3414 793 3473 e't
817 3402 973 3499 spatiosa

96 3508 215 3591 'fincta
246 3516 385 3593 vitate:
424 3516 571 3590 lethales
600 3510 673 3589 illic
702 3516 897 3605 illecebrae,
938 3526 973 3592 el

98 3634 277 3711 anniferae
295 3638 516 3733 voluptates:
552 3633 624 3708 illic
648 3623 812 3707 diabolus
837 3635 975 3707 blandi-
1041 3656 1051 3671 “

102 3762 170 3843 lut,
198 3772 240 3827 ut
256 3752 371 3841 fallat3
396 3752 541 3841 arridet,
561 3772 600 3826 ut
617 3770 746 3824 noceat
755 3783 765 3839 ;
791 3751 907 3845 illicit,
934 3760 975 3829 ut

136 3900 165 3981 ι)
185 3904 226 3963 De
245 3904 336 3965 babitu
356 3906 489 3977 virginum
509 3908 579 3965 circa
592 3906 671 3989 fincta
689 3916 716 3975 p.
740 3914 785 3975 73.

631 4002 700 4082 12·
