2438 4566
299 292 377 391 ῃ,
626 290 859 353 ===

156 448 274 529 Gfflr
301 446 473 544 unvenia
496 439 609 520 maius
633 444 671 518 in
695 470 733 518 se
754 444 887 518 crimen
910 448 1174 547 complectatur.

168 576 266 632 val.
303 569 536 666 Quapropter
568 562 620 639 illi
650 563 717 635 soli
749 582 832 660 post
864 563 1117 639 admirandum
1142 567 1175 640 il·

136 696 280 760 ΜΝ
296 675 400 779 lu'm,
438 684 500 781 qui
534 682 573 755 in
607 680 732 755 divino
762 680 974 779 baptismate
1004 682 1174 781 contigit,

298 790 463 902 partum}
491 819 527 872 et
548 816 634 897 post
654 802 788 871 'novam
813 824 854 872 ac
874 788 1175 899 peregrinam'pu·

295 920 521 1019 ,crpcriorum
544 921 684 1013 legem,
710 916 803 989 hanc
827 916 1030 991 orationem
1054 918 1120 993 rite
1138 944 1176 993 ac

297 1037 376 1110 iure
419 1035 564 1109 recitare
596 1052 766 1131 poterunt
799 1032 922 1107 Deum
960 1047 1092 1111 Patrem
1111 1062 1178 1135 ap-

298 1158 494 1253 pellantes,
521 1151 583 1250 qui
608 1151 764 1224 filiorum
790 1150 1006 1247 gerrnanarri‘
1020 1152 1176 1237 indolem

298 1271 505 1345 ostendunt.
557 1267 612 1341 Illi
637 1289 807 1365 poterunt
832 1270 974 1344 dicere:
999 1272 1200 1359 lacaenae..

287 1409 352 1483 aar
380 1418 488 1462 nomen
512 1409 622 1471 tuum3
649 1386 711 1482 qui
734 1386 823 1460 nibil
844 1387 1000 1463 scelerati
1026 1386 1175 1463 commit·

296 1523 388 1577 tunt.
440 1504 495 1577 Illi
525 1526 560 1578 et
588 1505 684 1577 hoc':
724 1494 885 1579 Αἱίυεηὶαι
912 1535 1040 1594 regnum
1071 1526 1176 1601 amana

295 1622 360 1718 qui
392 1649 432 1694 ea
460 1623 629 1718 fugiunt,
664 1646 743 1719 quae
774 1642 926 1720 tyranno
957 1626 1175 1697 voluntatem
1206 1708 1213 1726 ι

296 1739 448 1839 pariunt.
499 1736 554 1810 Illi
575 1756 611 1809 et
629 1739 722 1812 hoc:
751 1750 826 1811 Finr
843 1734 1072 1813 volucrasirna
1083 1778 1096 1825 ,·
1120 1735 1173 1835 qui

296 1856 382 1952 ipsis
412 1853 510 1927 factis
540 1855 611 1926 hoc
643 1880 680 1927 se
707 1882 852 1953 operam
879 1857 964 1929 dare
990 1850 1169 1929 ‹seclaran

296 1970 352 2046 Ilii
373 1972 499 2045 etiam:
529 1981 645 2058 Panem
666 1994 804 2047 nostrum
827 1983 1047 2066 quotidianum
1067 1982 1109 2045 da
1127 1998 1185 2073 arn·¹

295 2098 341 2163 bis
367 2098 458 2160 laodic
469 2128 482 2173 ,·
509 2087 569 2185 qui
594 2089 696 2165 luxui
719 2116 761 2165 ac
781 2089 914 2163 deliciis
938 2074 1168 2163 nuntiumri·

186 2284 189 2295 ,
294 2204 478 2279 miserunt⁴
529 2203 584 2282 Illi
610 2223 646 2277 et
671 2206 765 2297 hoc:
809 2217 942 2279 Remitte
966 2216 1058 2279 nobie
1078 2216 1167 2280 dicier

292 2345 425 2407 nnsrra;
453 2317 514 2418 qui
541 2319 682 2399 veniam
706 2321 748 2395 iis
774 2323 957 2411 tribuunt,
986 2320 1050 2421 qui
1072 2322 1109 2395 in
1127 2320 1167 2420 ip·

292 2467 355 2513 ros
374 2439 610 2536 deliquerunt.
660 2439 716 2512 Illi
736 2459 771 2518 et
789 2441 881 2514 hoc:
914 2452 960 2514 Ne
980 2469 1037 2515 nos
1053 2450 1166 2514 inducar

185 2650 188 2658 r
291 2570 327 2632 in
355 2572 579 2644 tentationem
614 2557 676 2653 qui
699 2584 819 2655 neque
848 2557 1088 2655 semetipsos,
1119 2580 1166 2629 ne·

291 2703 365 2770 que
393 2677 480 2755 alios
506 2675 543 2747 in
570 2675 663 2755 hanc
690 2674 895 2751 coniiciunt.
946 2674 1002 2751 Illi
1026 2694 1062 2748 et
1085 2674 1165 2749 hoc:

294 2801 405 2867 Libera
430 2820 484 2871 nos
509 2819 530 2861 a
552 2801 660 2875 malo‚·
696 2791 757 2887 qui
790 2819 873 2869 cum
898 2792 1027 2866 Satana
1055 2814 1168 2890 perpe·

293 2925 395 2985 tuum
424 2928 458 2987 er
481 2906 775 2985 irreconciliabile
794 2930 924 3007 gerunt
945 2904 1092 2985 belluna.
1132 2907 1167 2980 ll·

295 3023 499 3119 lidenique
520 3050 606 3103 vere
628 3023 746 3099 dicere
766 3046 957 3125 poterunt:
984 3036 1071 3121 Quia
1090 3046 1167 3099 rnen

291 3167 341 3229 est
366 3172 513 3230 regnam,
540 3164 570 3215 er
590 3155 737 3234 potentia
762 3167 794 3216 er
815 3156 918 3232 gloria
929 3185 942 3233 ,ς
969 3143 1033 3239 qui
1059 3144 1103 3217 ad
1122 3140 1166 3239 ip·
1196 3160 1209 3209 r

291 3260 366 3341 eius
387 3261 497 3337 verba
519 3258 817 3349 contremiscunt,
844 3286 957 3357 eaque
977 3256 1017 3339 re
1040 3280 1076 3337 et
1091 3284 1168 3358 ope·
1194 3254 1199 3299 ³

294 3403 334 3449 re
364 3376 571 3456 ostendunt
622 3378 712 3455 Non
743 3380 837 3473 enim
866 3398 1010 3454 tantum
1038 3380 1199 3475 efficere

295 3493 426 3575 valet
416 3518 493 3591 ipsa
518 3494 623 3569 huius
649 3495 863 3591 precationis
893 3495 1045 3594 notitia,
1071 3520 1169 3600 quam
1195 3520 1213 3585 e

289 3636 411 3708 mores
441 3630 477 3711 et
503 3609 576 3710 vita
600 3610 828 3711 precanti&¹

1189 3778 1208 3843 ἠ]

1204 3898 1209 3909 ,
