2438 4566
231 298 308 392 296

93 446 208 510 CAPUT
229 447 374 521 nomiue
404 445 593 520 christiano
623 470 728 540 quam
760 443 902 541 plurimi
931 445 1010 520 falsi
1033 446 1099 521 fuci

85 568 312 639 LXXXV-runt
342 566 529 649 doctores,
570 589 637 634 uec
669 563 856 652 doctores,
899 564 964 635 sed
996 565 1100 639 seduc·

67 685 351 761 ⁴³‘Wtoresz
388 707 461 753 non
489 679 759 777 praedicatores,
787 681 845 753 sed
872 681 1097 776 praedatores,

230 797 415 875 latrocinia
462 816 697 881 exercentes,
745 823 820 869 non
855 799 948 870 sanae
990 798 1099 872 doctri·

231 941 286 989 nac
312 914 545 1001 inhaerentes,
579 914 638 1001 sed
664 913 776 999 falsae,
813 914 859 986 de
887 915 1018 1011 quibus
1043 916 1100 987 dic·

230 1053 307 1106 tum
328 1051 403 1115 est,
432 1037 636 1116 suressunt,
672 1050 702 1099 et
729 1039 888 1117 latrones,
925 1031 964 1101 id
992 1030 1126 1105 estad·

231 1147 421 1241 furandum
462 1165 496 1235 et
530 1143 768 1229 occidendum
800 1168 990 1222 venerunt.
1041 1146 1098 1219 Sed

232 1291 308 1353 non
340 1262 531 1353 audierunt
563 1287 623 1332 eos
658 1261 746 1348 illae,
786 1289 864 1358 quae
903 1290 999 1338 verae
1032 1267 1098 1337 sunt

235 1407 344 1466 oves,
373 1406 446 1450 non
470 1379 534 1450 sub
550 1381 641 1475 pelle
660 1378 766 1457 ovina
790 1381 955 1478 lupinum
979 1408 1037 1454 cor
1053 1381 1099 1453 ab·

232 1498 459 1585 scondentes.
541 1494 649 1590 Igitur
693 1494 755 1590 qui
797 1517 878 1569 ante
908 1500 1098 1575 ‚adventum

236 1613 368 1685 Christi
399 1602 711 1709 praedicaverunt,
726 1613 853 1698 eodem
879 1616 1002 1712 spiritu
1028 1637 1097 1711 prat·

235 1731 466 1814 dicaverunt,
500 1754 572 1823 quo
598 1729 771 1824 apostoli,
807 1749 842 1814 et
862 1733 972 1819 ¹sancti
993 1733 1098 1803 docto

235 1874 315 1937 res,
355 1845 416 1940 qui
447 1863 530 1941 post
564 1830 760 1932 adveuturri
791 1847 924 1919 Christi
957 1846 1097 1921 veritatis

236 1963 330 2036 viam
351 1963 487 2049 mundo
508 1963 749 2051 ostenderunt
786 1963 981 2061 Quotquot
998 1984 1098 2037 autem

234 2079 299 2167 illo
334 2101 496 2176 tempore
531 2078 776 2165 crediderunt,
816 2084 874 2152 vel
904 2068 1098 2166 Abraham,

234 2202 294 2274 vel
319 2197 431 2283 Isaac,
458 2199 516 2269 vel
541 2196 672 2283 Jacob,
700 2198 757 2267 vel
785 2197 935 2293 Moysi,
961 2202 1019 2271 vel
1039 2196 1100 2270 aliis

236 2311 474 2415 patriarchis,
519 2311 663 2408 aliisque
705 2313 888 2410 prophetis
933 2315 1100 2387 Christum

236 2429 574 2530 praenuntiantibuS,
604 2455 690 2510 oves
713 2449 837 2521 erant,
873 2444 908 2504 et
932 2432 1099 2505 Christum

238 2550 485 2634 crediderunt,
526 2575 599 2619 non
624 2546 771 2619 alienam
796 2574 948 2636 vocem,
983 2550 1041 2632 sed
1058 2549 1100 2643 ip·

236 2668 308 2739 sius
330 2665 462 2736 Christi
476 2664 670 2753 audierunt.
706 2663 799 2736 Nam
816 2664 926 2737 iudex
944 2665 1099 2738 clamabat

236 2783 274 2873 in
289 2808 471 2879 praecone,
491 2781 573 2851 dum
589 2806 707 2876 praeco
717 2781 867 2863 iudicem
882 2782 1099 2855 annuntiabat

235 2918 436 2971 venturum.
479 2895 553 2983 Atii
570 2898 649 2966 suut
669 2922 775 2991 erg0,
797 2924 885 2994 quos
904 2926 978 2972 non
998 2896 1098 2972 audie·

235 3033 320 3105 runt
341 3039 448 3105 oves,
476 3012 512 3103 iu
533 3012 660 3109 quibus
682 3040 755 3102 non
779 3034 851 3088 erat
871 3041 948 3087 vox
972 3011 1095 3102 Christi,

237 3152 410 3221 erranteS,
433 3132 516 3219 falsa
544 3131 734 3217 docentem
762 3131 879 3204 inania
902 3133 1094 3228 garrientes,

235 3276 329 3325 vana
354 3249 554 3342 fingentes,
589 3248 734 3319 miseros
764 3249 992 3339 seducentes,
1025 3250 1095 3320 sicut

237 3366 583 3466 pseudoprophetae,
611 3365 696 3437 ficut
718 3365 862 3451 scribae,
891 3387 925 3440 et
948 3359 1094 3439 Pharisaei

236 3481 457 3580 temporibus
480 3480 584 3579 ipsius
605 3481 763 3554 Domini.
793 3483 840 3552 Hi
858 3486 959 3570 sunt,
979 3484 1033 3581 qui
1048 3504 1092 3552 ve·

237 3623 368 3695 aierunt
389 3625 452 3696 per
474 3584 529 3684 se,
556 3616 591 3670 et
610 3627 681 3670 uon
701 3602 817 3672 sunta
839 3601 954 3683 iudice
975 3593 1092 3672 missi.“

314 3720 350 3792 Ο
372 3744 484 3791 caecos
507 3715 611 3812 igitur
632 3716 790 3805 Judaeos,
815 3738 849 3790 et
872 3719 981 3791 duces
1003 3736 1091 3791 caco·

236 3862 313 3908 rum
344 3836 473 3907 scribas
508 3818 541 3906 et
571 3833 787 3907 Pharisaeos!
823 3835 883 3931 qui
911 3858 987 3910 toto
1016 3831 1089 3906 calo
1131 3868 1138 3985 p

234 3976 358 4041 uerum
394 3951 521 4026 ostium
561 3951 767 4027 aberrarunt
803 3952 871 4050 ipsi
909 3979 930 4026 a
965 3949 1088 4027 Christo
1129 4044 1138 4091 ;

878 4066 895 4103 Θ
1062 4088 1065 4093 .

1134 4188 1138 4217 r

1131 4230 1138 4289 i

1006 4284 1011 4297 ,
1071 4300 1078 4317 .
1133 4302 1138 4345 1
