2438 4566
162 440 276 506 ciana
522 432 824 523 CAPUT
892 429 978 522 Ll.¹

77 603 82 609 -
193 564 238 620 Li.

145 630 460 740 fflcuan
484 632 698 707 anuum
713 626 1160 723 uumuounuuiu

304 820 1162 923 MMQQMmmmmwm

360 952 523 1041 ducetis,
569 974 686 1053 neque
715 952 863 1051 corpori
894 966 1048 1041 uestro,
1090 946 1210 1055 quill„

210 1124 220 1139 -·
357 1081 570 1157 induamini.
606 1077 735 1161 Nonne
754 1081 875 1159 anima
892 1076 973 1177 plus
992 1090 1046 1161 est
1071 1098 1159 1189 quon

358 1230 454 1285 esau:
484 1217 656 1305 eucarpus
674 1202 752 1305 plus
772 1230 878 1305 quum
901 1206 1158 1295 vestimentum?

359 1332 533 1433 Respicite
563 1330 729 1451 volatilia¹
756 1334 862 1425 cali,
905 1338 1073 1433 quonium
1103 1354 1159 1413 nun
1208 1406 1216 1427 ,,

348 1451 503 1562 serunt,
544 1487 652 1562 neque
692 1443 857 1555 metunt,
895 1487 1004 1561 neque
1032 1484 1160 1563 congre·
1204 1464 1216 1575 ξ

354 1606 447 1691 gont
471 1598 511 1669 in
538 1592 688 1673 horrea:
721 1602 756 1675 et
790 1590 902 1671 Pater
927 1587 1071 1673 coelestis
1091 1608 1210 1693 pus·
1207 1576 1216 1635 ·'‘

360 1727 409 1801 cit
453 1722 522 1797 illu.
611 1721 751 1805 Nonne
797 1744 863 1805 vos
907 1724 1022 1823 magis
1063 1721 1207 1824 pluria

360 1853 442 1927 estis
469 1846 562 1931 illisi
609 1847 705 1943 Quis
733 1862 854 1929 autem
884 1850 1043 1929 vestrum
1078 1848 1166 1949 cogi·
1200 1886 1205 1895 ·

358 1994 436 2055 tans
468 1989 591 2077 potest
619 1978 771 2057 adiicere
801 1978 845 2057 ad
879 1978 1045 2057 staturam
1080 1978 1164 2056 suana

359 2108 524 2185 cubitum
560 2105 709 2185 uuum?
765 2102 811 2185 Et
846 2105 893 2184 de
928 2108 1162 2193 vestimento.

359 2235 447 2335 quid
483 2233 620 2317 solliciti
660 2234 775 2311 estisi
834 2232 1056 2310 Considerate
1096 2228 1166 2309 lilio
1209 2264 1216 2273 ·

359 2365 443 2459 ugri
455 2419 464 2449 ,
496 2363 661 2461 quomodo
683 2371 858 2439 crescunt:
887 2384 957 2439 non
983 2358 1144 2443 laborant
1151 2416 1162 2451 .

361 2514 470 2589 nequo
495 2502 589 2568 nent.
648 2490 778 2570 Matth.
810 2488 875 2567 Vl.
908 2510 971 2579 25.
1000 2504 1070 2569 etc.

141 2793 203 2848 Non
225 2792 257 2849 sn
310 2649 700 2877 Comparationibus
690 2778 762 2851 istis
781 2798 816 2850 et
833 2780 1004 2877 exemplis
1023 2807 1176 2857 excom·

140 2894 175 3011 :n
168 2876 219 3011 lbi}
232 2877 292 3025 ¹⁰3
308 2896 405 2971 muni
427 2914 461 2966 et
482 2895 617 2991 vulgari
634 2894 724 2980 vita,
752 2895 949 2993 infimoque
967 2924 1101 2993 genere
1119 2924 1172 2971 ve·

139 3043 253 3098 niente
303 3012 506 3108 getabilium
534 3032 569 3085 et
595 3012 791 3085 volatilium
817 3014 985 3086 desumtis
1010 3016 1056 3086 ad
1085 3040 1176 3088 com·

304 3130 570 3202 monstrandam
603 3130 758 3205 divinam
790 3130 1052 3227 providentiam
1083 3134 1171 3206 fuam

304 3273 386 3341 erga
419 3247 600 3318 hominem
629 3249 678 3318 ad
709 3247 897 3343 imaginem
929 3249 1026 3319 suam
1055 3248 1174 3321 condi·

303 3386 395 3450 tum,
423 3362 508 3456 quid
534 3364 713 3458 pulchrius
737 3366 905 3458 fimulque
931 3364 1175 3439 accommoda·

301 3482 387 3567 tius,
415 3478 500 3573 quid
526 3480 571 3550 ad
599 3479 738 3549 anxiam
769 3504 886 3549 curam
914 3498 949 3551 et
970 3480 1175 3555 sollicitudi-

302 3625 383 3667 nem
420 3620 542 3666 eorum
575 3595 766 3690 imprimis,
807 3596 935 3691 quibus
961 3578 1012 3669 ¹ad
1040 3597 1174 3670 maiora

301 3711 389 3782 natis
420 3710 589 3793 maximas
618 3712 686 3782 luae
718 3710 896 3806 religionis
926 3739 1025 3786 curas
1059 3735 1096 3788 et
1120 3738 1176 3788 res

300 3827 499 3912 commisit,
538 3855 582 3898 ex
609 3827 733 3899 animis
762 3830 988 3909 tollendam?
1040 3831 1174 3925 Quales
1206 3892 1209 3899 .

300 3966 383 4017 tunc
411 3962 509 4014 erunt
539 3943 713 4042 apostoli,
748 3970 840 4042 quos
871 3947 978 4021 rebus
1010 3948 1176 4031 omnihus
