2574 4682
378 373 619 394 Ἤ-

872 339 942 428 165

63 484 192 583 relapsi
223 483 386 560 horribili
420 512 488 558 nos
525 485 687 584 periculo
728 485 943 602 exponimus
972 495 1084 542 cim
1145 475 1149 486 ’

63 593 206 678 tandem
233 603 514 676 irremissibiliter
539 631 560 676 a
586 604 673 676 Deo
699 605 876 701 relinqui,
901 623 943 678 ut
990 603 1065 660 in.

63 721 282 794 ostendimus
310 710 497 795 tractando
523 733 707 812 deprecato
731 735 766 794 in
792 731 944 816 Spiritum
962 722 1104 784 ”W

63 846 94 910 S.
118 849 333 914 irremr‘ssibili.

112 1045 890 1089 ...-....—.........

255 1199 558 1290 CAPUT
615 1201 745 1290 LXI.

62 1397 378 1474 POTESTAS
408 1401 473 1474 IN
502 1400 829 1492 DAEMONES‚
858 1398 938 1476 ET

272 1541 732 1618 CURATIONUM.

64 1722 106 1806 Et
139 1733 354 1809 convocatis
389 1660 585 1809 duodecim
618 1667 805 1846 discipulis
841 1729 941 1821 suis,'

114 1857 212 1934 dedit
237 1859 306 1936 illis
329 1870 535 1956 potestatem
558 1858 803 1959 spirituum.
787 1881 943 1934 ammun-

5 2091 6 2094 Ν
113 1986 273 2076 dorum,
313 1998 353 2062 ut
387 1989 552 2065 elicerent
581 2011 660 2076 ros,
699 1997 734 2063 et
770 1945 941 2064 cuiarrnt

4 2186 5 2192 a
114 2137 254 2192 omnem
285 2113 521 2211 languorem,
553 2116 596 2194 'et
622 2138 759 2194 omnem
788 2114 940 2213 infirmi·

4 2305 5 2312 a
112 2233 236 2322 turm.
305 2242 437 2324 Matth.
468 2243 520 2328 X.
555 2269 589 2326 1.

64 2511 381 2728 Adiungendum
412 2597 486 2672 hoc
514 2615 622 2694 caput
651 2593 817 2694 proxime
847 2595 947 2690 supe·
977 2609 1081 2666 natea

65 2714 143 2788 riori
173 2716 220 2788 de
249 2727 479 2804 damonurgia
504 2717 660 2821 suntque
685 2713 744 2786 hic
774 2737 948 2784 rememo-
975 2777 1092 2833 nomme

65 2834 191 2920 tanda,
199 2858 295 2930 quae
316 2833 440 2930 paucis
461 2833 523 2906 de
529 2832 647 2906 statu
637 2830 848 2928 integritatis
870 2827 946 2900 atti
974 2859 1041 2920 Deo

66 2947 193 3041 girum,
214 2971 405 3046 antequam
423 2971 501 3024 astu
523 2950 698 3024 daemonis
716 2947 844 3020 deiecti
866 2947 947 3018 lunt

66 3059 334 3164 pmioparentes
357 3067 470 3140 nostri
492 3069 586 3142 sorte
613 3068 673 3142 illa,
696 3066 801 3137 beata
824 3063 861 3134 in
887 3090 946 3160 pa-

64 3170 220 3280 radyso;
244 3184 313 3256 iam
337 3210 426 3257 vero
450 3181 542 3256 servi
567 3203 650 3279 post
673 3185 813 3277 lapsum
837 3180 946 3268 illius,

64 3317 181 3396 aquo
206 3301 339 3374 devicti
370 3302 471 3386 lunt,
507 3299 592 3374 facti
621 3299 768 3370 diabolo
796 3297 949 3371 obnoxii

63 3419 239 3513 variisque
270 3418 504 3514 languoribus
540 3437 575 3490 et
609 3414 888 3502 infirmitatibus,
926 3440 948 3484 a

63 3535 193 3628 quibus
215 3535 382 3609 omnibus
404 3534 597 3607 liberandis
621 3534 783 3608 Christus
806 3553 947 3628 aposto·

47 3651 103 3723 lis
127 3652 187 3724 hic
209 3653 309 3725 dedit
329 3671 562 3748 potestatem:
588 3652 640 3732 uti
664 3651 773 3750 ctiam!
787 3650 874 3720 Luc.
896 3645 944 3718 X.

65 3768 285 3865 septuaginta
313 3770 388 3843 duo
418 3770 605 3866 discipuli,
632 3794 723 3862 quos
753 3779 839 3836 misit
863 3776 947 3837 oinos

4 3967 5 3976 χ
67 3909 134 3958 arte
145 3895 372 3976 faciemfimm
393 3899 425 3957 in
446 3915 564 3958 omnem
585 3897 762 3968 civitatem,
786 3905 816 3954 et
837 3893 945 3967 locrrm,

4 3999 5 4068 i
67 4030 124 4094 quo
149 4026 218 4078 erat
248 4017 312 4100 ipse
336 4027 507 4092 venturus,
543 4015 658 4078 reversi
686 3989 854 4098 leguntur
876 4025 947 4070 cum

976 2694 1083 2748 Christo
1184 2747 1200 2758 ,
