2608 4684
339 339 420 411 414·
665 313 916 378 ²*

203 465 317 532 ΕΔΜ
418 469 498 545 Nec
523 489 641 547 tamen
667 491 815 570 propter
844 468 1075 548 Christuma
1099 497 1223 551 morte

219 581 304 644 GVH·
342 588 583 679 liberandum,
607 591 705 684 quod
725 591 896 663 timebant
915 581 1095 688 principes
1110 596 1225 666 lacer·

184 703 466 778 “vvdotum
494 726 530 778 et
553 705 706 781 seniores
736 709 886 805 populi,
914 713 1084 790 tumultus
1109 710 1150 781 lit
1182 710 1223 782 iu

338 825 502 920 populo;
530 822 710 928 quinimo
736 827 927 897 tumultum
949 826 1010 896 fibi
1036 825 1224 900 metuebat

341 937 489 1026 Pilatus,
514 940 542 1011 si
563 931 638 1011 tion
656 939 918 1013 obsecundaret
935 942 1060 1038 populi
1078 943 1224 1015 concla-

339 1055 574 1142 mationibus,
601 1076 641 1129 ut
667 1056 826 1130 Christus
855 1059 1051 1130 traderetur
1068 1055 1224 1146 'crucifi-

339 1173 487 1270 gendus
537 1171 645 1245 Haud
671 1172 780 1246 'dubie
805 1173 972 1248 Galilaeos
1000 1175 1152 1248 maxime
1179 1175 1223 1247 ti-

339 1288 475 1376 mebat,
504 1314 597 1384 quos
624 1287 772 1385 gentiles
797 1316 875 1362 esse
892 1291 1067 1388 putabant
1084 1290 1222 1363 Christi

337 1407 418 1478 Jesu
451 1405 647 1493 Nazareni,
686 1426 855 1502 erantque
891 1426 927 1480 et
952 1407 1111 1503 discipuli
1138 1407 1220 1480 eius

338 1522 495 1609 Galilaei,
513 1549 578 1619 per
597 1547 687 1618 quos
701 1523 839 1595 turbam
851 1580 860 1610 ,
883 1549 987 1619 quam
1000 1523 1144 1596 Christo
1156 1527 1222 1600 ad-.

337 1639 467 1714 dictam
492 1665 567 1712 esse
595 1659 792 1725 noverant,
828 1639 966 1712 ineius
996 1660 1110 1735 partes
1136 1642 1220 1716 lore

288 1803 290 1808 ·
333 1757 626 1855 pertrahendam,
652 1756 753 1829 facile
776 1755 840 1828 fibi
867 1757 905 1828 in
929 1756 1084 1836 animum
1111 1755 1220 1829 indu-

335 1873 473 1946 cebant.
525 1873 686 1946 Accessit
706 1898 821 1945 novus
840 1873 946 1946 timor
967 1873 1044 1970 ipso
1062 1873 1131 1944 iarn
1153 1874 1220 1944 im·

333 1989 492 2062 minente
513 1991 605 2061 festo¹
628 2015 673 2062 ex
696 1989 877 2062 turbarum
900 1991 1152 2063 acclamatione
1174 1990 1214 2060 in

333 2105 536 2203 triumphali
561 2105 694 2177 Christi
717 2106 755 2176 in
781 2099 905 2178 urbem
929 2105 1099 2201 ingressu.
1128 2104 1219 2184 ¹Ni·

333 2223 524 2296 hilominus
558 2241 675 2293 tamen
706 2220 813 2294 iidem
845 2222 1021 2318 principes
1051 2222 1215 2294 sacerdo·

332 2359 426 2426 tum,
455 2338 514 2434 qui
534 2336 630 2434 prius
655 2338 862 2434 congregati
881 2340 998 2414 secum
1016 2337 1217 2412 ¹constitue·

332 2475 430 2544 rant,
458 2454 723 2528 non-occidere
748 2454 929 2527 Christum
957 2455 993 2526 iu
1019 2455 1079 2526 die
1099 2457 1214 2544 festo,

332 2576 402 2650 iam
437 2570 575 2648 consilii
605 2570 696 2644 illius
727 2570 951 2644 immemores
985 2571 1213 2669 paciscuntur
1302 2629 1303 2665 ,

334 2717 417 2766 eum
442 2692 552 2776 luda,
580 2690 625 2761 de
648 2687 792 2762 Christo
820 2688 996 2761 tradendo
1021 2689 1139 2760 indie
1164 2691 1214 2761 le·

330 2831 409 2897 sto,
446 2810 545 2881 iuxta
574 2805 696 2878 divina
730 2806 775 2877 de
808 2806 1029 2878 immolando
1063 2805 1214 2878 Christo

330 2928 495 3024 paschate
520 2944 647 2995 nostro·
670 2921 833 2995 consilia:
874 2923 948 3020 ipsa
977 2948 1066 2996 vero
1098 2924 1210 3010 hora,

330 3063 403 3140 qua
424 3039 587 3114 Christus
615 3039 769 3113 animare
794 3043 879 3114 suos
896 3039 993 3120 visus
1014 3060 1066 3113 est
1088 3040 1135 3112 ad
1158 3065 1209 3111 ar·

241 3221 244 3233 .
328 3159 593 3246 malumenda,
621 3159 810 3231 emendum
834 3159 1015 3254 gladium,
1042 3156 1080 3228 id
1106 3155 1209 3252 quod

296 3338 298 3341 .
329 3261 400 3352 iam
425 3277 655 3374 praedixerat,
684 3298 920 3362 eos‘omnes,
948 3299 985 3346 se
1005 3273 1133 3344 relicto
1157 3275 1209 3345 hr-

327 3413 410 3492 gam
433 3411 634 3488 arrepturos
654 3385 743 3464 mox
763 3391 916 3488 contigit
931 3391 968 3462 in
988 3392 1115 3463 horto:
1142 3388 1206 3462 ubi

327 3515 453 3587 Petrus
481 3510 625 3607 quidem
654 3509 761 3606 coepit
790 3527 974 3604 percutere
1000 3507 1037 3578 in
1060 3505 1205 3602 gladio,

325 3631 441 3704 iussus
454 3649 569 3702 autern
591 3652 672 3699 eum
690 3626 826 3697 mittere
839 3624 875 3694 in
891 3624 1076 3719 vaginam,
1094 3626 1205 3719 paulo

326 3767 412 3846 post
431 3745 611 3828 Christum
632 3742 777 3838 negavit
791 3733 828 3811 in
851 3740 938 3813 atrio
953 3740 1075 3812 lummi
1096 3740 1207 3811 lacer·

326 3863 440 3948 dotis,
467 3863 553 3940 dum
577 3861 645 3932 itm
673 3856 835 3931 Christus
859 3857 911 3928 ibi
932 3881 1012 3928 reus
1035 3855 1203 3928 mortisa

328 3977 494 4080 synedrio
531 3997 715 4075 ageretur:
738 4023 742 4034 ·
758 3979 905 4052 volente
938 3997 1038 4086 vero.
1057 3971 1205 4060 Pilato,
