2452 4560
265 285 338 356 266
588 273 821 328 a

118 429 234 494 0¹¹⁰?
266 453 370 510 tatur.
436 429 473 504 Si
497 457 605 528 parva
628 429 793 517 fratribus
819 445 894 504 non
921 430 1135 526 dimittimus,
1162 456 1164 482 ²

94 563 397 651 Lxxvtttmagua
423 549 526 624 nobis
551 575 571 621 a
601 547 687 620 Deo
715 548 1056 647 nonudimittentur.
1099 555 1135 628 Et

107 684 251 753 ww
266 669 349 765 quia
367 685 484 765 potest
502 667 742 762 unusquisque
760 667 896 738 dicere:
922 667 1015 740 nihil
1034 671 1133 742 habeo
1153 648 1161 665 ⁹

267 811 391 859 contra
413 811 514 870 eum,
542 785 617 880 ipse
639 806 757 869 nourr,
784 783 892 855 habet
914 781 1046 858 Deum
1065 787 1134 861 iudi·

266 931 362 991 cem,
390 929 464 973 non
485 903 568 972 mihi
591 926 681 973 curae
701 922 770 988 est,
799 901 886 996 quid
911 904 1004 997 velit
1026 931 1132 1001 agere,

265 1046 334 1116 ego
362 1019 483 1113 ignovi
511 1019 541 1090 ei
555 1050 575 1106 ;Ι
592 1019 779 1090 coufirmat
802 1018 1017 1091 sententiam
1043 1023 1156 1110 luam'

263 1158 300 1211 et
321 1161 468 1208 omnem
488 1135 742 1207 simulationem
767 1136 982 1236 licrae'pacis
1006 1138 1132 1228 evertit,

261 1252 404 1326 dicens:
450 1263 484 1322 Si
513 1282 572 1322 non
600 1265 777 1323 remiserint
811 1266 1027 1346 uuusquisque
1046 1266 1133 1344 fratri

249 1378 315 1461 suo
334 1381 371 1442 de
392 1379 530 1440 cordibus
541 1378 622 1458 suis.
636 1371 657 1406 “
725 1368 758 1439 S.
786 1368 1009 1447 Benedictus
1036 1397 1064 1449 c,
1081 1395 1131 1462 13.

262 1488 359 1583 Reg.
382 1509 585 1583 opportune
612 1486 682 1562 huc
709 1510 816 1581 quam
842 1487 1003 1560 maxime
1027 1487 1132 1586 praci-

255 1605 335 1702 ⁴pit:
360 1603 515 1692 „Plane
537 1603 674 1703 agenda
700 1605 893 1691 matutina,
922 1610 983 1683 vel
1008 1631 1131 1703 vesper·
1162 1666 1164 1697 ,

263 1723 337 1795 tina
362 1748 435 1793 non
458 1741 610 1799 transeat
628 1720 840 1815 aliquande,
868 1721 939 1793 nisi
963 1723 1003 1794 in
1015 1723 1128 1815 ¹ult'uuo

262 1840 389 1912 ordine
416 1837 528 1913 oratio
556 1836 752 1922 Dominica
782 1838 951 1911 omnibus
980 1839 1129 1917 audienti

261 1956 330 2028 bus
356 1955 492 2031 dicatur
519 1981 539 2027 a
564 1953 688 2026 Priore
719 1978 869 2053 propter
896 1959 1128 2035 scandalorum

260 2072 404 2169 spinas,
430 2097 509 2168 quae
540 2069 622 2148 oriri
648 2073 785 2158 solent,
814 2095 853 2148 ut
880 2075 1053 2153 conventi
1076 2099 1127 2170 per

260 2187 372 2287 ipsius
399 2188 569 2264 orationis
599 2187 855 2284 sponsionem,
896 2217 969 2292 qua
997 2192 1126 2265 dicunt:

260 2315 394 2381 Dimitte
414 2315 497 2379 nolis
518 2315 622 2381 debita
643 2327 767 2397 nostra,
780 2312 865 2392 ficut
883 2331 926 2405 et.
937 2316 998 2385 nos'
1014 2318 1126 2382 dimita‘·

260 2454 328 2497 mus
353 2432 535 2500 debitoribus
559 2435 693 2511 uostris,
721 2443 877 2518 purgent
896 2451 932 2502 se
955 2426 1009 2501 ab.
1025 2425 1125 2498 huius

260 2540 361 2614 modi
395 2538 494 2616 vitio.
509 2542 531 2576 “
581 2539 676 2612 ¹lam
711 2542 817 2636 supra
849 2541 1026 2617 monitum
1060 2561 1125 2628 est,

259 2658 348 2755 quid
378 2657 415 2734 in
442 2655 656 2752 quotidiana
681 2660 843 2733 oratione
868 2658 1065 2736 Dominica
1090 2677 1133 2740 at«,

259 2773 615 2851 tendendumnobis
642 2775 710 2866 srt,
747 2802 792 2847 ne
817 2775 884 2872 ipsi
913 2803 981 2851 nos
1007 2782 1126 2855 lenten·

194 2919 196 2922 ’
258 2890 343 2962 tiam
374 2888 608 2968 damnationis
633 2915 713 2962 cum
739 2893 844 2996 servo
870 2891 932 2968 illo
961 2894 1037 2995 (de
1064 2916 1126 2989 quo

256 3006 427 3104 parabola
449 3004 588 3111 habetp
614 3008 714 3106 quod
736 3009 884 3083 domino
909 3012 975 3090 suo
998 3010 1127 3083 debitor

258 3126 381 3203 decem
409 3122 557 3204 millium
578 3127 815 3212 talentorum,
852 3153 934 3227 cum
963 3127 1126 3227 soluendo

260 3269 335 3314 non
362 3261 472 3326 esset,
503 3240 695 3341 procidens
720 3243 925 3336 dilationem
951 3245 1062 3318 debiti
1081 3269 1126 3315 ro·

257 3355 373 3455 garit)
391 3358 426 3430 in
447 3385 513 3430 nos
532 3359 707 3445 dicamus,
725 3380 865 3435 orantes
881 3360 1020 3442 dimitte
1033 3358 1124 3433 nobis

256 3476 375 3549 debita
395 3496 533 3580 nostra,
564 3475 649 3551 ficut
672 3496 707 3559 et
725 3502 790 3552 nos
809 3478 1021 3558 dimittimus
1036 3475 1123 3551 debi-

254 3594 391 3666 toribus
418 3591 568 3665 nostris:
594 3594 862 3691 ¹reviviscatque
885 3597 1052 3679 debitum
1070 3619 1123 3667 no·

242 3730 384 3796 strum,
406 3709 551 3805 quando
570 3712 733 3793 conservi
752 3739 826 3794 non
846 3712 1068 3791 miseremur.
1089 3711 1118 3782 st·

243 3847 315 3898 ,cut
336 3825 438 3922 Deus
459 3826 618 3908 misertus
641 3849 693 3909 est
711 3827 844 3917 nostri,
872 3850 907 3905 et
926 3831 1034 3904 iratus
1049 3825 1138 3931 Po.

253 3942 368 4014 miuus
399 3943 512 4014 tradat
548 3970 614 4019 nos
647 3946 860 4035 tortoribus,
892 3951 1112 4047 quoadusque
1162 3947 1164 3959 '

252 4059 440 4131 reddamus
460 4059 662 4136 universum
683 4063 851 4140 debitum.
