2438 4566
386 286 620 331 η
719 288 721 295 ’

387 328 619 345 “⁸’‘-
893 317 941 388 45

197 438 301 528 CA
328 435 428 527 PU
454 439 501 527 T
569 425 808 532 XXXVII
970 448 1085 515 came

70 635 352 735 mancum
374 627 584 735 cnnrsrr
609 639 665 714 m
692 571 1103 746 ΒΑΒΒΑΒΒ.Ἢ

70 827 321 913 Observabant
344 825 494 930 Jernm,
533 815 564 904 ’Βί
593 804 741 934 sabbatis·
770 842 940 919 curaret,

121 969 169 1036 ut
193 969 403 1036 accusarent
438 947 552 1058 illum.
633 953 680 1036 Et
714 959 762 1035 ait
799 957 944 1038 homini

116 1084 269 1164 babenti
295 1094 451 1164 manum
473 1084 628 1164 aridam‘
659 1068 812 1196 Surge
802 1111 839 1164 m
866 1110 943 1193 me·

87 1212 234 1294 dium.
293 1209 339 1307 Et
364 1213 455 1320 dicit
482 1216 557 1296 eis:
548 1199 682 1291 ·ΒὶΒΒΒ
700 1211 860 1309 sabbatis
885 1213 943 1292 be·

116 1337 310 1440 nefacere,
351 1365 400 1419 an
434 1333 562 1419 male?
610 1344 768 1419 animam
797 1340 944 1443 salvam

113 1466 271 1570 facere,
304 1463 554 1568 repedare?
598 1460 647 1548 At
682 1469 733 1547 illi
766 1475 941 1551 tacebant.

122 1596 238 1678 Marc
269 1585 333 1677 111.
364 1617 401 1678 a.
433 1608 535 1692 aa

74 1904 202 2050 Ante
236 1973 357 2046 omnia
387 1960 446 2047 bic
480 1959 833 2049 animadvertendum
867 1995 945 2062 est,
955 1973 1095 2032 Uim*-

76 2089 275 2178 Christum,
310 2091 428 2164 licet'
417 2105 455 2165 ni
481 2091 647 2166 omnibus
672 2093 745 2168 aliis
771 2032 1122 2206 miraculii{fe¹¹fi‘¹c³u⁸m¹'⁰'⁴

77 2230 149 2280 cum
177 2207 301 2282 divina
326 2209 497 2306 potentia
515 2209 619 2283 etiam
647 2213 784 2286 eluceat
803 2199 951 2284 bonitas'
961 2225 1106 2280 Dominam

78 2323 257 2414 eiusdem,
291 2338 346 2419 qui
368 2337 554 2417 pertransiit
577 2338 812 2435 benefaciendo,
846 2335 877 2401 e't'
892 2335 950 2418 sa·
937 2305 1095 2446 -ξξζῗῖἐ

78 2452 169 2514 nando
204 2471 307 2516 omnes
334 2459 490 2534 oppres'sos
514 2459 536 2515 α’
567 2442 688 2516 diabolo
711 2429 775 2538 a),
801 2444 873 2517 hoc
903 2452 951 2516 ta·
965 2471 1099 2549 aqualem

78 2582 150 2630 men
187 2559 349 2632 divinum
389 2548 596 2633 attributum
629 2562 731 2655 suum
757 2550 950 2647 bonitatis,

78 2677 264 2773 praeposita
301 2676 471 2752 miraculo
504 2675 730 2785 quaestione,
768 2687 814 2750 ari
848 2676 953 2750 liceat

77 2793 223 2866 sabbatis
245 2793 475 2885 benefacere,
491 2794 649 2905 ingratis
671 2782 801 2866 Judaeis
822 2781 951 2893 specia-

78 2910 145 2983 liter
159 2911 280 2987 voluit
298 2924 434 3008 ponere
457 2898 507 2986 ob
527 2900 666 2987 oculos.
714 2910 788 2983 Vix
809 2938 874 2985 ora
890 2911 953 2984 ob·

79 3029 211 3101 auderat
240 3027 521 3118 Pharisaeorum,
548 3016 740 3125 discipulos
769 3017 851 3102 suos
880 3043 953 3104 car·

78 3146 234 3239 pentium
261 3133 363 3241 quod
384 3138 531 3226 sabbato
555 3130 775 3218 ambulantes
798 3160 862 3243 per
881 3148 953 3220 sata

79 3261 184 3358 [picas
213 3282 420 3359 carperent,
451 3281 487 3334 ΒΒ
511 3261 579 3334 iam
608 3263 735 3336 iterum
762 3247 956 3337 observant

81 3403 154 3462 eum
168 3378 230 3467 ,'si
252 3378 398 3460 sabbato
419 3367 583 3453 curaret?
607 3380 667 3452 sed
686 3366 816 3455 divinae
836 3381 957 3453 Chris·

82 3493 104 3566 ti
129 3496 356 3593 responsioni
383 3498 429 3570 ad
464 3484 802 3595 interrogationem,
841 3523 895 3569 an*
918 3492 957 3571 li·¹

87 3633 155 3686 teat
188 3612 341 3685 sabbatis
372 3613 603 3715 benefacere,
630 3642 676 3688 an
698 3614 820 3689 male?
869 3614 957 3685 Ani·

90 3752 171 3802 mam
193 3731 325 3802 salvam
348 3730 485 3822 facere,
512 3760 558 3806 an
583 3733 764 3830 perdere?
791 3728 957 3827 refragari

92 3849 137 3917 rel
162 3873 374 3946 opponere,
383 3851 658 3950 necquicquam
678 3851 822 3956 valent,
850 3866 961 3948 atque¹
1073 3891 1074 3894 =

126 3997 230 4071 Mat.
256 3997 302 4060 X.
328 4007 370 4068 28·
