2438 4566
217 292 290 365 394
539 296 774 318 “’“““““““··“

73 418 188 483 0⁸1⁰?
214 421 355 494 civitate
386 416 467 505 illa,
480 416 569 513 qni
603 415 727 510 Deum
758 443 834 509 non
865 417 994 506 timet,
1032 449 1098 512 neq

91 538 166 593 0¹¹¹·
213 538 394 611 hominem
416 555 614 608 reveretur.
648 545 777 606 Vindice
792 564 839 608 me
857 547 895 608 de
913 548 1094 611 adversario

52 656 195 721 W*
210 685 295 741 meo,
317 681 391 726 non
409 679 483 724 uno
502 651 546 722 de
565 651 748 747 religionis
766 654 950 728 catholicae
971 657 1092 730 hoste·

116 842 119 847 .
211 774 364 847 necdum
386 771 544 866 fatigato
553 768 701 841 iudice
691 771 893 867 miquitatis.

399 1133 725 1272 CAPUT!
761 1072 902 1228 cin.
943 1086 958 1104 ”

210 1317 371 1394 NEMO
409 1317 578 1400 BONUS
617 1317 716 1391 NISI
756 1318 908 1392 SOLUS
949 1315 1090 1396 DEUS.

210 1477 464 1584 Interrogavit
495 1510 582 1562 eum
615 1484 769 1584 quidam
801 1488 1003 1585 princep8‚
1030 1488 1094 1564 «dis

218 1653 221 1657 -
263 1626 373 1678 cens:
401 1602 585 1701 Magister
610 1603 731 1692 bone,
760 1602 851 1702 quid
874 1604 1016 1680 faciens
1040 1607 1094 1679 vi..

260 1733 339 1797 tarn
364 1734 538 1796 aeternam
563 1719 795 1818 possidebo?
831 1717 945 1797 Dixit
966 1735 1092 1798 autem

263 1840 297 1912 ei
317 1834 341 1914 J
343 1861 444 1916 esus:
471 1836 576 1939 Quid
600 1861 654 1912 me
673 1839 763 1913 dicis
782 1835 946 1914 honum?
972 1839 1092 1916 Nemo⁴

261 1950 372 2030 horrus
392 1951 579 2052 ninfulas
599 1953 710 2030 Deus.
750 1951 839 2030 Luc.
860 1951 1011 2033 XVIH.
1032 1972 1086 2043 18.

768 2138 893 2156 nnn—-

74 2374 101 2387 ..
105 2224 458 2363 Admirabili
490 2292 602 2364 modo
635 2291 796 2365 Christus
833 2320 905 2365 una
934 2321 1027 2368 voce
1058 2314 1093 2376 et

138 2412 307 2482 suam
330 2409 547 2482 divinitatem
569 2409 744 2498 ostendit,
768 2431 803 2481 et
817 2412 1022 2508 superbiam
1045 2439 1092 2484 ar·

212 2527 290 2624 guit
311 2526 347 2598 in
377 2527 448 2599 hoc
474 2526 638 2622 principe
664 2527 888 2599 humanam
881 2556 916 2600 m
947 2557 1014 2602 nos
1043 2557 1090 2602 re·

211 2646 430 2737 dundantem
454 2672 500 2717 ex
519 2627 834 2743 protoparentibus
856 2646 1005 2734 nostris,
1030 2645 1089 2743 qui

212 2763 352 2860 decepti
384 2789 403 2833 a
439 2764 623 2848 daemone,
664 2783 851 2857 putantes,
892 2765 993 2857 quod
1030 2791 1088 2836 esu

101 2866 109 2885 ‘
208 2880 308 2977 pomi
335 2878 442 2952 futuri
474 2880 540 2950 srnt
566 2880 653 2950 ficut
683 2879 753 2967 dii,
788 2879 869 2952 facti
898 2882 981 2953 sunt
1010 2907 1088 2954 cum

209 2995 361 3092 posteris
383 2997 453 3067 suis
474 2995 642 3068 omnibus
662 2997 762 3083 mali3
785 2980 955 3094 princeps
972 3019 1088 3070 autem

208 3115 266 3195 hic
297 3113 445 3186 volebat
471 3113 586 3185 videri
620 3113 763 3187 bonus:
809 3140 890 3188 cum
927 3116 1022 3186 enim
1059 3114 1088 3187 ei

210 3231 375 3303 Christus
408 3231 573 3302 mandata
606 3231 703 3318 Dei,
741 3257 819 3326 quae
852 3230 1088 3305 custodienda

209 3367 347 3434 essent,
374 3349 637 3451 proposuisset,
665 3348 871 3446 respondit:
901 3358 970 3421 Hac
988 3363 1089 3422 omnia

208 3476 362 3538 custodivi
390 3493 411 3535 a
435 3477 597 3538 iuventute
624 3494 701 3538 mea.
772 3465 854 3558 Qua
880 3465 918 3554 in
947 3494 985 3539 re
1011 3465 1088 3564 ipse

92 3564 95 3569 .
206 3582 363 3656 mendax
401 3580 541 3656 videtur
583 3582 766 3660 Christum
806 3583 987 3679 arguisse,
1027 3584 1099 3681 qui·

205 3700 362 3790 dixeratss
396 3712 489 3774 Nemo
517 3711 612 3795 bonus
634 3708 696 3772 nisi
708 3711 799 3790 scrius
824 3710 918 3774 Deus.
971 3702 1086 3774 Habe·

205 3844 281 3894 mus
299 3817 358 3888 'hic
379 3844 453 3902 uno
473 3820 581 3891 veluti
605 3819 717 3903 verbo
742 3821 968 3914 complexam
991 3821 1086 3891 mise-

204 3961 276 4005 ram
298 3933 437 4029 generis
459 3936 604 4006 humani
625 3937 669 4007 ab
694 3936 836 4008 Adamo
858 3935 942 4008 inde
967 3956 1086 4034 proto·
