2438 4566
455 340 458 345 s
543 334 775 346 —u--

224 299 298 384 236

80 452 194 518 Carus
223 438 466 533 „Praecedere
498 441 635 538 quippe
671 440 825 536 quodam
862 443 947 530 loco
979 430 1100 517 Petrus

78 577 196 634 Lxxn.
224 563 340 638 voluit
350 560 558 633 Dominum.
587 549 816 654 Loquebatur
835 559 931 630 enim
945 558 1090 633 Salvator

70 690 213 757 ᾺΝ
229 682 274 754 de
296 674 460 779 passione
483 677 567 762 lua,
594 701 700 771 quam
723 674 751 745 si
775 701 847 746 non
873 676 1080 774 suscepisset,

226 825 293 872 nos
308 796 389 871 salvi
410 821 483 867 non
506 817 683 864 essemus:
711 813 746 864 et
763 792 912 879 Petrus,
939 795 1001 890 qui
1021 818 1081 891 para

224 918 263 989 lo
286 935 366 987 ante
390 938 472 985 eum
495 910 676 982 confessus
699 928 772 981 erat
791 909 922 981 Filium
946 910 1038 998 Dei,
1058 927 1081 981 et

224 1031 262 1104 in
281 1031 339 1103 illa
357 1027 580 1103 confessione
600 1028 803 1122 appellatus*
817 1048 892 1100 erat
909 1048 1025 1124 petra,
1046 1027 1081 1098 lu·

223 1152 288 1246 pra
309 1172 416 1241 quam
435 1142 663 1216 fabricaretur
683 1141 864 1229 Ecclesia,
893 1148 1001 1241 paulo
1021 1160 1082 1244 post

222 1261 389 1335 Domino
421 1258 563 1332 dicente
596 1259 642 1330 de
675 1260 790 1333 lutura
822 1262 991 1356 passione
1019 1263 1081 1345 fua,

220 1381 290 1454 alt:
317 1389 407 1451 Absit
427 1387 579 1464 Domine,
601 1389 757 1467 propitius
780 1399 844 1453 esto
866 1390 948 1466 tibi,
975 1407 1029 1452 non
1042 1383 1083 1463 fiet

221 1507 319 1572 istud.
368 1494 482 1568 Paulo
503 1514 605 1566 ante:
643 1503 758 1595 Beatus
781 1522 811 1570 cs
830 1477 934 1567 Simon
956 1501 1084 1574 Bar-Jo-

224 1643 289 1703 nn,
316 1627 392 1706 prtia
412 1621 551 1683 nonsibi
572 1621 725 1685 revelavit
746 1638 819 1685 caro
836 1634 866 1683 et
874 1620 1007 1700 sanguis
1019 1668 1027 1699 ,
1040 1615 1089 1702 scd

226 1743 323 1803 Pater
349 1755 453 1817 meus,
480 1739 535 1819 qui
559 1739 592 1799 in
616 1737 694 1803 calis
721 1747 792 1802 est:
818 1727 820 1732 ’
843 1730 956 1802 modo
982 1753 1085 1827 repen·
1128 1755 1130 1759 ·

225 1868 285 1920 te:
332 1855 408 1916 Redi
431 1864 508 1935 post
538 1871 586 1919 rae
603 1850 752 1931 suanm.
814 1843 918 1936 Quid
952 1866 1004 1920 est
1027 1841 1085 1918 redi
1124 1834 1130 1921 i

224 1982 309 2062 post
329 1961 418 2036 me?
444 1961 675 2060 sequere-me.
728 1959 942 2036 Praecedere·
954 1990 1010 2036 me
1028 1961 1083 2046 vis,

170 2106 173 2111 ·
227 2079 417 2155 consilium
448 2077 536 2154 mihi
566 2078 649 2152 dare
678 2076 755 2167 vis3
793 2078 918 2154 melius
951 2100 1027 2169 est,
1055 2095 1084 2150 ut

222 2197 410 2272 consilium
430 2219 548 2272 meum
568 2194 744 2297 sequaris:
772 2196 843 2271 hoc
864 2216 939 2285 est,
960 2196 1033 2272 redi
1047 2219 1084 2266 re

224 2337 305 2402 tro,
331 2313 408 2404 redi
424 2332 510 2410 post
526 2339 594 2389 me.
644 2312 929 2410 antecedentem
948 2335 1085 2411 compes·

225 2436 294 2521 cit,
324 2453 365 2505 ut
390 2446 486 2505 retro
514 2431 657 2519 redeat;
686 2449 722 2503 et
746 2435 903 2528 appellat
928 2435 1082 2512 satanan,

225 2551 310 2649 quia
320 2553 396 2629 vult
409 2546 817 2647 praecedereDominum
830 2545 907 2640 a).“
934 2548 1083 2644 Benigne

224 2669 332 2758 huius,
351 2667 543 2744 verborum
560 2664 692 2744 Christi
716 2664 752 2739 in
774 2665 918 2744 Petrum
937 2666 1085 2763 interpre-

224 2783 367 2857 tationis
405 2801 528 2861 auctor
560 2801 614 2856 est
644 2781 846 2877 Origenes:
885 2794 1006 2870 „Vade
1026 2793 1083 2874 post

224 2929 289 2986 me,
308 2898 426 2994 quasi,
443 2893 626 2993 inquito),
644 2897 707 2994 qui
718 2899 768 2975 ire
779 2920 860 2997 post
872 2901 992 2988 illum,
1010 2919 1084 2972 eun·

222 3042 294 3114 que
319 3014 631 3119 scquicessasset:
658 3042 725 3089 nec
753 3017 900 3095 dixisset
924 3018 1083 3105 item,st·

222 3158 323 3223 tana,
350 3133 451 3239 quasi
472 3133 535 3233 qui
555 3133 729 3212 contraria
748 3133 813 3222 iis,
840 3159 919 3231 quae
938 3159 1010 3209 ase
1028 3127 1083 3204 dit·

223 3270 259 3323 ta
279 3253 440 3336 fuerant,
466 3250 677 3348 protulisset,
731 3250 840 3330 Nunc
866 3271 982 3325 autem
1003 3250 1081 3322 illum
1130 3285 1133 3289 ⁴

223 3369 340 3441 lesum
355 3370 578 3469 sequentem,
603 3386 639 3441 et
653 3386 737 3472 post
758 3395 839 3445 eum
863 3369 1082 3447 ambulantem
1121 3354 1133 3479 l

131 3555 135 3564 ,
220 3486 339 3583 potuit
362 3487 496 3558 satanas
522 3485 720 3573 abducere,
747 3504 786 3563 ut
813 3485 910 3562 hunc
934 3501 1082 3559 nonam·
1123 3482 1133 3573 ,l

205 3605 313 3714 ¹plius
351 3605 578 3700 sequeretur,
627 3629 693 3676 nee
733 3623 824 3675 esset
857 3623 942 3700 post
973 3599 1081 3675 Filium
1124 3598 1133 3701 ΙΙ

221 3722 323 3810 Dei,
364 3750 405 3795 ac
441 3720 540 3798 illum
572 3747 637 3825 per
671 3722 749 3810 ea,
775 3745 854 3819 quae
890 3746 937 3793 ex
966 3709 1081 3794 inscitia
1125 3716 1133 3789 ¹.

184 3884 187 3893 ¹
261 3909 292 3984 a)
316 3906 347 3959 ln
370 3905 439 3985 Μ.
461 3906 566 3966 LXIX.
591 3925 616 3968 n.
640 3923 667 3976 4.
689 3920 715 3977 p.
740 3921 801 3976 714.
918 3903 948 3973 b)
973 3905 1002 3966 Y.
1026 3887 1077 3960 llll·

309 3992 343 4047 ἐπ’
358 3990 456 4047 Mutela.
480 4009 506 4047 n.
531 4005 574 4050 ιιι
606 3989 757 4059 Tom.,111.
780 4002 834 4063 opp.
853 4002 881 4072 p.
906 4004 966 4060 540.
1051 4042 1055 4062 ,
