2438 4566
121 408 139 451 .
414 309 649 367 =
897 341 969 411 ,Π

86 464 189 543 tatis:
211 464 299 563 quia
318 482 354 541 et
371 466 560 565 plenitudo
580 448 670 565 legis
691 464 850 542 charitas.
877 470 974 543 Ocu·
990 450 1108 526 cm

87 588 166 661 lum
194 609 285 680 ergo
310 582 371 672 hic
397 583 559 681 accipere
574 585 755 675 ,debemus
782 586 894 683 ipsam
923 588 975 658 in·
992 583 1128 665 XL1X5

89 700 314 789 tentionem,
337 727 410 797 qua
428 699 594 788 facimus,
618 702 792 799 quidquid
806 703 952 775 facimus
967 703 1121 774 ΜΝ

89 842 173 917 quae
202 816 235 889 si
267 818 406 890 munda
432 817 558 903 fuerit,
599 839 642 898 et,
665 842 779 906 recta,
818 840 853 892 et
882 820 974 893 illud

94 932 294 1033 aspicienS,
329 936 430 1030 quod
462 934 706 1032 aspiciendum
742 955 818 1021 est;
852 937 976 1013 omnia

96 1040 204 1149 opera
234 1069 381 1139 nostra,
416 1077 496 1149 quae
525 1053 719 1137 secundum
749 1078 825 1133 eam
850 1080 977 1151 opera·

95 1194 193 1257 mur,
218 1193 364 1241 necesse
385 1188 438 1241 est
458 1169 555 1240 bona
572 1170 673 1255 fintf‘
722 1169 875 1247 Ultimus
894 1171 975 1247 finis

98 1304 241 1373 noster,
285 1284 331 1356 de
361 1310 436 1381 quo
470 1285 583 1362 modo
613 1286 726 1375 locuti
756 1274 897 1375 sumus,
936 1289 977 1360 in

100 1426 203 1499 quem
241 1403 363 1499 suapte
400 1420 526 1474 natura
566 1403 765 1475 necessario
804 1403 976 1491 ferimur,

102 1544 187 1591 uuus
213 1538 290 1605 est,
316 1544 424 1613 quem
451 1517 741 1614 benignissimum
767 1519 913 1591 Numen
935 1523 974 1591 in

102 1632 209 1733 inipso
235 1634 497 1708 summobono
522 1639 698 1709 collocare
719 1636 903 1731 dignatur,
930 1636 976 1711 ad

60 1808 64 1843 ἱ
105 1776 203 1847 quem
231 1751 345 1825 'unice
377 1750 528 1824 intentio
564 1773 685 1825 nostra
721 1754 803 1825 ferri
841 1752 976 1840 debet,

60 1881 69 1919 -’
104 1886 202 1965 atque
227 1867 276 1939 ad
302 1893 383 1939 eum
410 1868 529 1940 omnia
554 1870 634 1942 sunt
657 1871 859 1957 referenda,
887 1896 975 1965 quo·

60 1982 71 2094 ᾗ
105 2009 172 2057 rum
195 1976 304 2057 nobis
326 2008 432 2057 usura
451 1985 487 2055 in
511 1986 615 2058 rebus
638 1988 868 2082 praesentibus
890 2013 975 2058 con·

60 2096 70 2178 i
107 2102 232 2175 uditur
258 2118 427 2196 tanquam
453 2101 577 2173 mediis
603 2104 648 2175 ad
678 2104 784 2175 finem
811 2103 973 2175 ultimum

69 2216 72 2221 ’
95 2232 171 2291 'non
192 2216 230 2289 in
251 2218 340 2304 hac,
359 2215 421 2290 ubi
442 2217 561 2290 omnia
583 2222 718 2295 caduca
736 2224 836 2310 funt,
858 2220 975 2303 sedin

63 2429 74 2439 ..
105 2354 223 2411 aeterna
243 2333 318 2409 vita
343 2334 544 2420 fruendumq
