<?xml version="1.0" encoding="UTF-8"?>
<!DOCTYPE html PUBLIC "-//W3C//DTD XHTML 1.0 Transitional//EN"
    "http://www.w3.org/TR/xhtml1/DTD/xhtml1-transitional.dtd">
<html xmlns="http://www.w3.org/1999/xhtml" xml:lang="en" lang="en">
 <head>
  <title>
</title>
<meta http-equiv="Content-Type" content="text/html;charset=utf-8" />
  <meta name='ocr-system' content='tesseract 3.04.00' />
  <meta name='ocr-capabilities' content='ocr_page ocr_carea ocr_par ocr_line ocrx_word'/>
</head>
<body>
  <div class='ocr_page' id='page_1' title='image "./desublimiinevan02gerbgoog_0394.png"; bbox 0 0 2438 4566; ppageno 0'>
   <div class='ocr_carea' id='block_1_1' title="bbox 206 275 761 381">
    <p class='ocr_par' dir='ltr' id='par_1_1' title="bbox 206 275 761 381">
     <span class='ocr_line' id='line_1_1' title="bbox 206 275 761 381; baseline 0.002 -3"><span class='ocrx_word' id='word_1_1' title='bbox 206 290 281 381; x_wconf 72' lang='lat'>³96</span> <span class='ocrx_word' id='word_1_2' title='bbox 525 275 761 342; x_wconf 72' lang='grc'><strong>“’-““····““-“</strong></span> 
     </span>
    </p>
   </div>
   <div class='ocr_carea' id='block_1_2' title="bbox 51 427 1091 1796">
    <p class='ocr_par' dir='ltr' id='par_1_2' title="bbox 62 427 1089 527">
     <span class='ocr_line' id='line_1_2' title="bbox 62 427 1089 527; baseline 0.004 -25"><span class='ocrx_word' id='word_1_3' title='bbox 62 436 181 502; x_wconf 57' lang='lat' dir='ltr'>‘aaut</span> <span class='ocrx_word' id='word_1_4' title='bbox 205 436 297 511; x_wconf 92' lang='lat' dir='ltr'>boni</span> <span class='ocrx_word' id='word_1_5' title='bbox 333 433 474 507; x_wconf 89' lang='lat' dir='ltr'>bonum</span> <span class='ocrx_word' id='word_1_6' title='bbox 511 427 765 527; x_wconf 83' lang='lat' dir='ltr'>agnoscimus:</span> <span class='ocrx_word' id='word_1_7' title='bbox 813 431 970 527; x_wconf 86' lang='lat' dir='ltr'>quando</span> <span class='ocrx_word' id='word_1_8' title='bbox 1006 431 1089 506; x_wconf 90' lang='lat' dir='ltr'>boni</span> 
     </span>
    </p>

    <p class='ocr_par' dir='ltr' id='par_1_3' title="bbox 83 547 1091 650">
     <span class='ocr_line' id='line_1_3' title="bbox 83 547 1091 650; baseline 0.009 -38"><span class='ocrx_word' id='word_1_9' title='bbox 83 556 160 613; x_wconf 82' lang='lat' dir='ltr'>cm.</span> <span class='ocrx_word' id='word_1_10' title='bbox 208 553 341 650; x_wconf 76' lang='lat' dir='ltr'>aliquid</span> <span class='ocrx_word' id='word_1_11' title='bbox 375 551 463 637; x_wconf 82' lang='lat' dir='ltr'>tibi,</span> <span class='ocrx_word' id='word_1_12' title='bbox 501 547 602 644; x_wconf 83' lang='lat' dir='ltr'><strong>quasi</strong></span> <span class='ocrx_word' id='word_1_13' title='bbox 638 572 685 618; x_wconf 87' lang='lat' dir='ltr'>ex</span> <span class='ocrx_word' id='word_1_14' title='bbox 717 547 909 644; x_wconf 80' lang='lat' dir='ltr'>semetipso</span> <span class='ocrx_word' id='word_1_15' title='bbox 924 607 944 641; x_wconf 21' lang='lat'>,⁸</span> <span class='ocrx_word' id='word_1_16' title='bbox 976 551 1091 629; x_wconf 78' lang='lat' dir='ltr'>tribuit</span> 
     </span>
    </p>

    <p class='ocr_par' dir='ltr' id='par_1_4' title="bbox 51 663 1089 758">
     <span class='ocr_line' id='line_1_4' title="bbox 51 663 1089 758; baseline -0.006 -13"><span class='ocrx_word' id='word_1_17' title='bbox 51 672 346 744; x_wconf 57' lang='lat' dir='ltr'>Whono:</span> <span class='ocrx_word' id='word_1_18' title='bbox 389 669 438 740; x_wconf 81' lang='lat' dir='ltr'>ita</span> <span class='ocrx_word' id='word_1_19' title='bbox 467 685 507 737; x_wconf 93' lang='lat' dir='ltr'>ut</span> <span class='ocrx_word' id='word_1_20' title='bbox 535 689 604 736; x_wconf 90' lang='lat' dir='ltr'>nec</span> <span class='ocrx_word' id='word_1_21' title='bbox 640 689 678 734; x_wconf 88' lang='lat' dir='ltr'>se</span> <span class='ocrx_word' id='word_1_22' title='bbox 711 663 919 758; x_wconf 84' lang='lat' dir='ltr'>magistrum</span> <span class='ocrx_word' id='word_1_23' title='bbox 956 667 1089 739; x_wconf 87' lang='lat' dir='ltr'>bonum</span> 
     </span>
    </p>

    <p class='ocr_par' dir='ltr' id='par_1_5' title="bbox 212 779 1088 878">
     <span class='ocr_line' id='line_1_5' title="bbox 212 779 1088 878; baseline -0.005 -17"><span class='ocrx_word' id='word_1_24' title='bbox 212 787 377 861; x_wconf 87' lang='lat' dir='ltr'>Christus</span> <span class='ocrx_word' id='word_1_25' title='bbox 401 783 447 854; x_wconf 85' lang='lat' dir='ltr'>ab</span> <span class='ocrx_word' id='word_1_26' title='bbox 473 807 519 853; x_wconf 90' lang='lat' dir='ltr'>eo</span> <span class='ocrx_word' id='word_1_27' title='bbox 550 806 588 852; x_wconf 90' lang='lat' dir='ltr'>se</span> <span class='ocrx_word' id='word_1_28' title='bbox 612 779 734 852; x_wconf 87' lang='lat' dir='ltr'>vocari</span> <span class='ocrx_word' id='word_1_29' title='bbox 759 781 936 877; x_wconf 86' lang='lat' dir='ltr'>patiatur,</span> <span class='ocrx_word' id='word_1_30' title='bbox 974 810 997 855; x_wconf 89' lang='lat' dir='ltr'>a</span> <span class='ocrx_word' id='word_1_31' title='bbox 1023 810 1088 878; x_wconf 89' lang='lat' dir='ltr'>quo</span> 
     </span>
    </p>

    <p class='ocr_par' dir='ltr' id='par_1_6' title="bbox 138 884 1085 994">
     <span class='ocr_line' id='line_1_6' title="bbox 138 884 1085 994; baseline -0.008 -16"><span class='ocrx_word' id='word_1_32' title='bbox 138 884 145 893; x_wconf 32' lang='lat'>¹</span> <span class='ocrx_word' id='word_1_33' title='bbox 213 931 290 978; x_wconf 88' lang='lat' dir='ltr'>uon</span> <span class='ocrx_word' id='word_1_34' title='bbox 312 901 379 972; x_wconf 88' lang='lat' dir='ltr'>nisi</span> <span class='ocrx_word' id='word_1_35' title='bbox 399 900 512 970; x_wconf 90' lang='lat' dir='ltr'>bomo</span> <span class='ocrx_word' id='word_1_36' title='bbox 532 922 606 970; x_wconf 88' lang='lat' dir='ltr'>esse</span> <span class='ocrx_word' id='word_1_37' title='bbox 629 916 832 992; x_wconf 83' lang='lat' dir='ltr'>reputatur:</span> <span class='ocrx_word' id='word_1_38' title='bbox 856 901 962 994; x_wconf 88' lang='lat' dir='ltr'>quasi</span> <span class='ocrx_word' id='word_1_39' title='bbox 983 902 1085 972; x_wconf 87' lang='lat' dir='ltr'>dicat:</span> 
     </span>
    </p>

    <p class='ocr_par' dir='ltr' id='par_1_7' title="bbox 214 1017 1088 1110">
     <span class='ocr_line' id='line_1_7' title="bbox 214 1017 1088 1110; baseline -0.006 -17"><span class='ocrx_word' id='word_1_40' title='bbox 214 1021 311 1093; x_wconf 85' lang='lat' dir='ltr'>Cum</span> <span class='ocrx_word' id='word_1_41' title='bbox 342 1044 398 1088; x_wconf 88' lang='lat' dir='ltr'>me</span> <span class='ocrx_word' id='word_1_42' title='bbox 427 1017 541 1088; x_wconf 81' lang='lat' dir='ltr'>solum</span> <span class='ocrx_word' id='word_1_43' title='bbox 575 1038 745 1110; x_wconf 83' lang='lat' dir='ltr'>agnoscas</span> <span class='ocrx_word' id='word_1_44' title='bbox 776 1041 853 1087; x_wconf 88' lang='lat' dir='ltr'>esse</span> <span class='ocrx_word' id='word_1_45' title='bbox 884 1018 1088 1105; x_wconf 87' lang='lat' dir='ltr'>hominem,</span> 
     </span>
    </p>

    <p class='ocr_par' dir='ltr' id='par_1_8' title="bbox 213 1129 1089 1229">
     <span class='ocr_line' id='line_1_8' title="bbox 213 1129 1089 1229; baseline -0.007 -19"><span class='ocrx_word' id='word_1_46' title='bbox 213 1138 282 1211; x_wconf 83' lang='lat' dir='ltr'>uisi</span> <span class='ocrx_word' id='word_1_47' title='bbox 303 1136 406 1207; x_wconf 89' lang='lat' dir='ltr'>etiam</span> <span class='ocrx_word' id='word_1_48' title='bbox 435 1155 608 1227; x_wconf 84' lang='lat' dir='ltr'>agnoscas</span> <span class='ocrx_word' id='word_1_49' title='bbox 632 1157 689 1202; x_wconf 92' lang='lat' dir='ltr'>me</span> <span class='ocrx_word' id='word_1_50' title='bbox 711 1129 840 1203; x_wconf 88' lang='lat' dir='ltr'>Filium</span> <span class='ocrx_word' id='word_1_51' title='bbox 866 1132 969 1222; x_wconf 87' lang='lat' dir='ltr'>Dei,</span> <span class='ocrx_word' id='word_1_52' title='bbox 1010 1133 1089 1229; x_wconf 91' lang='lat' dir='ltr'>quid</span> 
     </span>
    </p>

    <p class='ocr_par' dir='ltr' id='par_1_9' title="bbox 213 1229 1088 1332">
     <span class='ocr_line' id='line_1_9' title="bbox 213 1229 1088 1332; baseline -0.007 -6"><span class='ocrx_word' id='word_1_53' title='bbox 213 1281 272 1326; x_wconf 89' lang='lat' dir='ltr'>me</span> <span class='ocrx_word' id='word_1_54' title='bbox 290 1277 401 1324; x_wconf 83' lang='lat' dir='ltr'>vocas</span> <span class='ocrx_word' id='word_1_55' title='bbox 423 1249 586 1332; x_wconf 85' lang='lat' dir='ltr'>bonum,</span> <span class='ocrx_word' id='word_1_56' title='bbox 613 1273 695 1323; x_wconf 88' lang='lat' dir='ltr'>cum</span> <span class='ocrx_word' id='word_1_57' title='bbox 716 1248 810 1320; x_wconf 87' lang='lat' dir='ltr'>solus</span> <span class='ocrx_word' id='word_1_58' title='bbox 837 1247 943 1322; x_wconf 89' lang='lat' dir='ltr'>Deus</span> <span class='ocrx_word' id='word_1_59' title='bbox 971 1252 1012 1323; x_wconf 86' lang='lat' dir='ltr'>srt</span> <span class='ocrx_word' id='word_1_60' title='bbox 1032 1229 1088 1320; x_wconf 84' lang='lat' dir='ltr'>bo·</span> 
     </span>
    </p>

    <p class='ocr_par' dir='ltr' id='par_1_10' title="bbox 212 1362 1088 1458">
     <span class='ocr_line' id='line_1_10' title="bbox 212 1362 1088 1458; baseline -0.002 -18"><span class='ocrx_word' id='word_1_61' title='bbox 212 1395 300 1454; x_wconf 87' lang='lat' dir='ltr'>nus,</span> <span class='ocrx_word' id='word_1_62' title='bbox 325 1367 478 1440; x_wconf 77' lang='lat' dir='ltr'>essentia</span> <span class='ocrx_word' id='word_1_63' title='bbox 498 1364 586 1436; x_wconf 85' lang='lat' dir='ltr'>sua?</span> <span class='ocrx_word' id='word_1_64' title='bbox 612 1362 664 1435; x_wconf 91' lang='lat' dir='ltr'>uti</span> <span class='ocrx_word' id='word_1_65' title='bbox 681 1363 826 1458; x_wconf 89' lang='lat' dir='ltr'>quidem</span> <span class='ocrx_word' id='word_1_66' title='bbox 845 1369 951 1438; x_wconf 87' lang='lat' dir='ltr'>etiam</span> <span class='ocrx_word' id='word_1_67' title='bbox 972 1390 1088 1440; x_wconf 83' lang='lat' dir='ltr'>natura</span> 
     </span>
    </p>

    <p class='ocr_par' dir='ltr' id='par_1_11' title="bbox 212 1480 1089 1567">
     <span class='ocr_line' id='line_1_11' title="bbox 212 1480 1089 1567; baseline -0.003 -10"><span class='ocrx_word' id='word_1_68' title='bbox 212 1486 277 1558; x_wconf 79' lang='lat' dir='ltr'>sua</span> <span class='ocrx_word' id='word_1_69' title='bbox 304 1484 413 1558; x_wconf 84' lang='lat' dir='ltr'>creati</span> <span class='ocrx_word' id='word_1_70' title='bbox 439 1510 461 1556; x_wconf 87' lang='lat' dir='ltr'>a</span> <span class='ocrx_word' id='word_1_71' title='bbox 490 1481 578 1554; x_wconf 92' lang='lat' dir='ltr'>Deo</span> <span class='ocrx_word' id='word_1_72' title='bbox 604 1480 729 1566; x_wconf 90' lang='lat' dir='ltr'>bono,</span> <span class='ocrx_word' id='word_1_73' title='bbox 767 1507 849 1552; x_wconf 90' lang='lat' dir='ltr'>cum</span> <span class='ocrx_word' id='word_1_74' title='bbox 868 1493 986 1567; x_wconf 78' lang='lat' dir='ltr'>fecerit</span> <span class='ocrx_word' id='word_1_75' title='bbox 1013 1495 1089 1554; x_wconf 80' lang='lat' dir='ltr'>Deus</span> 
     </span>
    </p>

    <p class='ocr_par' dir='ltr' id='par_1_12' title="bbox 213 1595 1089 1796">
     <span class='ocr_line' id='line_1_12' title="bbox 213 1595 1089 1690; baseline 0.001 -18"><span class='ocrx_word' id='word_1_76' title='bbox 213 1612 367 1674; x_wconf 78' lang='lat' dir='ltr'>bominem</span> <span class='ocrx_word' id='word_1_77' title='bbox 381 1624 497 1673; x_wconf 81' lang='lat' dir='ltr'>rectum</span> <span class='ocrx_word' id='word_1_78' title='bbox 512 1595 574 1689; x_wconf 86' lang='lat' dir='ltr'>o),</span> <span class='ocrx_word' id='word_1_79' title='bbox 592 1597 682 1671; x_wconf 80' lang='lat' dir='ltr'>boni</span> <span class='ocrx_word' id='word_1_80' title='bbox 698 1619 797 1673; x_wconf 82' lang='lat' dir='ltr'>erant</span> <span class='ocrx_word' id='word_1_81' title='bbox 813 1601 999 1690; x_wconf 79' lang='lat' dir='ltr'>bomiueS,</span> <span class='ocrx_word' id='word_1_82' title='bbox 1014 1599 1089 1673; x_wconf 82' lang='lat' dir='ltr'>facti</span> 
     </span>
     <span class='ocr_line' id='line_1_13' title="bbox 216 1717 555 1796; baseline -0.012 -4"><span class='ocrx_word' id='word_1_83' title='bbox 216 1721 437 1796; x_wconf 77' lang='lat' dir='ltr'>fumantem</span> <span class='ocrx_word' id='word_1_84' title='bbox 462 1717 555 1791; x_wconf 88' lang='lat' dir='ltr'>mali.</span> 
     </span>
    </p>
   </div>
   <div class='ocr_carea' id='block_1_3' title="bbox 211 1951 1095 3911">
    <p class='ocr_par' dir='ltr' id='par_1_13' title="bbox 211 1951 1095 3911">
     <span class='ocr_line' id='line_1_14' title="bbox 291 1951 1091 2039; baseline -0.001 -13"><span class='ocrx_word' id='word_1_85' title='bbox 291 1953 454 2026; x_wconf 88' lang='lat' dir='ltr'>Tantum</span> <span class='ocrx_word' id='word_1_86' title='bbox 483 1954 584 2026; x_wconf 86' lang='lat' dir='ltr'>abest</span> <span class='ocrx_word' id='word_1_87' title='bbox 611 1972 652 2025; x_wconf 90' lang='lat' dir='ltr'>ut</span> <span class='ocrx_word' id='word_1_88' title='bbox 677 1951 841 2025; x_wconf 85' lang='lat' dir='ltr'>Christus</span> <span class='ocrx_word' id='word_1_89' title='bbox 872 1953 926 2025; x_wconf 89' lang='lat' dir='ltr'>his</span> <span class='ocrx_word' id='word_1_90' title='bbox 953 1953 1091 2039; x_wconf 86' lang='lat' dir='ltr'>verbis,</span> 
     </span>
     <span class='ocr_line' id='line_1_15' title="bbox 216 2071 1092 2167; baseline -0.001 -25"><span class='ocrx_word' id='word_1_91' title='bbox 216 2082 296 2165; x_wconf 67' lang='lat' dir='ltr'>quid</span> <span class='ocrx_word' id='word_1_92' title='bbox 318 2100 365 2142; x_wconf 82' lang='lat' dir='ltr'>me</span> <span class='ocrx_word' id='word_1_93' title='bbox 388 2082 464 2142; x_wconf 69' lang='lat' dir='ltr'>rucis</span> <span class='ocrx_word' id='word_1_94' title='bbox 485 2081 618 2156; x_wconf 84' lang='lat' dir='ltr'>bouum,</span> <span class='ocrx_word' id='word_1_95' title='bbox 656 2071 821 2143; x_wconf 82' lang='lat' dir='ltr'>deitatem</span> <span class='ocrx_word' id='word_1_96' title='bbox 851 2072 949 2142; x_wconf 88' lang='lat' dir='ltr'>suam</span> <span class='ocrx_word' id='word_1_97' title='bbox 976 2089 1092 2167; x_wconf 81' lang='lat' dir='ltr'>tegere</span> 
     </span>
     <span class='ocr_line' id='line_1_16' title="bbox 216 2186 1092 2283; baseline -0.003 -22"><span class='ocrx_word' id='word_1_98' title='bbox 216 2190 394 2273; x_wconf 77' lang='lat' dir='ltr'>videntur,</span> <span class='ocrx_word' id='word_1_99' title='bbox 415 2208 454 2258; x_wconf 91' lang='lat' dir='ltr'>ut</span> <span class='ocrx_word' id='word_1_100' title='bbox 474 2186 595 2282; x_wconf 87' lang='lat' dir='ltr'>potius</span> <span class='ocrx_word' id='word_1_101' title='bbox 615 2187 815 2283; x_wconf 84' lang='lat' dir='ltr'>principem</span> <span class='ocrx_word' id='word_1_102' title='bbox 836 2188 933 2260; x_wconf 90' lang='lat' dir='ltr'>hunc</span> <span class='ocrx_word' id='word_1_103' title='bbox 954 2190 1092 2260; x_wconf 84' lang='lat' dir='ltr'>adeam</span> 
     </span>
     <span class='ocr_line' id='line_1_17' title="bbox 215 2304 1094 2402; baseline 0 -24"><span class='ocrx_word' id='word_1_104' title='bbox 215 2304 481 2402; x_wconf 77' lang='lat' dir='ltr'>agnoscendam</span> <span class='ocrx_word' id='word_1_105' title='bbox 512 2304 662 2388; x_wconf 83' lang='lat' dir='ltr'>alliciat,</span> <span class='ocrx_word' id='word_1_106' title='bbox 695 2325 801 2399; x_wconf 88' lang='lat' dir='ltr'>atque</span> <span class='ocrx_word' id='word_1_107' title='bbox 828 2305 910 2376; x_wconf 92' lang='lat' dir='ltr'>hinc</span> <span class='ocrx_word' id='word_1_108' title='bbox 940 2306 997 2377; x_wconf 87' lang='lat' dir='ltr'>SS.</span> <span class='ocrx_word' id='word_1_109' title='bbox 1028 2305 1094 2378; x_wconf 91' lang='lat' dir='ltr'>PP.</span> 
     </span>
     <span class='ocr_line' id='line_1_18' title="bbox 217 2422 1094 2518; baseline -0.007 -20"><span class='ocrx_word' id='word_1_110' title='bbox 217 2446 343 2498; x_wconf 82' lang='lat' dir='ltr'>coutra</span> <span class='ocrx_word' id='word_1_111' title='bbox 378 2422 532 2494; x_wconf 78' lang='lat' dir='ltr'>Arianos</span> <span class='ocrx_word' id='word_1_112' title='bbox 571 2422 840 2517; x_wconf 86' lang='lat' dir='ltr'>retorquendo,</span> <span class='ocrx_word' id='word_1_113' title='bbox 886 2429 1094 2518; x_wconf 88' lang='lat' dir='ltr'>argumento</span> 
     </span>
     <span class='ocr_line' id='line_1_19' title="bbox 216 2537 1094 2634; baseline -0.006 -21"><span class='ocrx_word' id='word_1_114' title='bbox 216 2543 290 2613; x_wconf 84' lang='lat' dir='ltr'>hoc</span> <span class='ocrx_word' id='word_1_115' title='bbox 321 2541 387 2610; x_wconf 80' lang='lat' dir='ltr'>sint</span> <span class='ocrx_word' id='word_1_116' title='bbox 414 2537 479 2610; x_wconf 87' lang='lat' dir='ltr'>usi.</span> <span class='ocrx_word' id='word_1_117' title='bbox 547 2537 685 2624; x_wconf 84' lang='lat' dir='ltr'>„Deus</span> <span class='ocrx_word' id='word_1_118' title='bbox 716 2565 869 2634; x_wconf 87' lang='lat' dir='ltr'>nempe,</span> <span class='ocrx_word' id='word_1_119' title='bbox 905 2559 947 2609; x_wconf 91' lang='lat' dir='ltr'>ut</span> <span class='ocrx_word' id='word_1_120' title='bbox 980 2537 1094 2611; x_wconf 79' lang='lat' dir='ltr'>scribit</span> 
     </span>
     <span class='ocr_line' id='line_1_20' title="bbox 216 2651 1095 2731; baseline -0.006 -1"><span class='ocrx_word' id='word_1_121' title='bbox 216 2656 434 2731; x_wconf 81' lang='lat' dir='ltr'>Athanasius</span> <span class='ocrx_word' id='word_1_122' title='bbox 455 2654 534 2724; x_wconf 86' lang='lat' dir='ltr'>Lib.</span> <span class='ocrx_word' id='word_1_123' title='bbox 557 2654 601 2725; x_wconf 90' lang='lat' dir='ltr'>de</span> <span class='ocrx_word' id='word_1_124' title='bbox 625 2655 763 2725; x_wconf 89' lang='lat' dir='ltr'>lncarn.</span> <span class='ocrx_word' id='word_1_125' title='bbox 787 2676 821 2725; x_wconf 89' lang='lat' dir='ltr'>et</span> <span class='ocrx_word' id='word_1_126' title='bbox 846 2674 972 2725; x_wconf 88' lang='lat' dir='ltr'>contra</span> <span class='ocrx_word' id='word_1_127' title='bbox 999 2651 1095 2725; x_wconf 78' lang='lat' dir='ltr'>Aria·</span> 
     </span>
     <span class='ocr_line' id='line_1_21' title="bbox 216 2770 1091 2867; baseline -0.006 -21"><span class='ocrx_word' id='word_1_128' title='bbox 216 2801 286 2847; x_wconf 88' lang='lat' dir='ltr'>nos</span> <span class='ocrx_word' id='word_1_129' title='bbox 310 2771 372 2861; x_wconf 76' lang='lat' dir='ltr'>h),</span> <span class='ocrx_word' id='word_1_130' title='bbox 407 2770 468 2867; x_wconf 93' lang='lat' dir='ltr'>qui</span> <span class='ocrx_word' id='word_1_131' title='bbox 500 2773 575 2842; x_wconf 80' lang='lat' dir='ltr'>sese</span> <span class='ocrx_word' id='word_1_132' title='bbox 610 2770 855 2843; x_wconf 83' lang='lat' dir='ltr'>annumeravit</span> <span class='ocrx_word' id='word_1_133' title='bbox 887 2770 1091 2843; x_wconf 89' lang='lat' dir='ltr'>hominibus</span> 
     </span>
     <span class='ocr_line' id='line_1_22' title="bbox 214 2887 1095 2975; baseline -0.005 -13"><span class='ocrx_word' id='word_1_134' title='bbox 214 2890 352 2962; x_wconf 86' lang='lat' dir='ltr'>ratione</span> <span class='ocrx_word' id='word_1_135' title='bbox 370 2888 481 2960; x_wconf 82' lang='lat' dir='ltr'>carnis</span> <span class='ocrx_word' id='word_1_136' title='bbox 494 2888 584 2973; x_wconf 83' lang='lat' dir='ltr'>suae,</span> <span class='ocrx_word' id='word_1_137' title='bbox 606 2887 676 2960; x_wconf 91' lang='lat' dir='ltr'>boc</span> <span class='ocrx_word' id='word_1_138' title='bbox 696 2888 799 2975; x_wconf 90' lang='lat' dir='ltr'>dicit,</span> <span class='ocrx_word' id='word_1_139' title='bbox 822 2888 921 2959; x_wconf 85' lang='lat' dir='ltr'>etad</span> <span class='ocrx_word' id='word_1_140' title='bbox 941 2909 1095 2961; x_wconf 85' lang='lat' dir='ltr'>mentem</span> 
     </span>
     <span class='ocr_line' id='line_1_23' title="bbox 217 3002 1094 3101; baseline -0.005 -22"><span class='ocrx_word' id='word_1_141' title='bbox 217 3007 313 3090; x_wconf 85' lang='lat' dir='ltr'>eius,</span> <span class='ocrx_word' id='word_1_142' title='bbox 349 3003 410 3100; x_wconf 86' lang='lat' dir='ltr'>qui</span> <span class='ocrx_word' id='word_1_143' title='bbox 433 3031 470 3076; x_wconf 90' lang='lat' dir='ltr'>se</span> <span class='ocrx_word' id='word_1_144' title='bbox 499 3002 651 3091; x_wconf 87' lang='lat' dir='ltr'>adierat,</span> <span class='ocrx_word' id='word_1_145' title='bbox 683 3005 880 3101; x_wconf 86' lang='lat' dir='ltr'>respondit.</span> <span class='ocrx_word' id='word_1_146' title='bbox 945 3007 980 3077; x_wconf 84' lang='lat' dir='ltr'>Is</span> <span class='ocrx_word' id='word_1_147' title='bbox 1004 3005 1094 3081; x_wconf 90' lang='lat' dir='ltr'>enim</span> 
     </span>
     <span class='ocr_line' id='line_1_24' title="bbox 215 3121 1092 3198; baseline -0.001 0"><span class='ocrx_word' id='word_1_148' title='bbox 215 3152 297 3198; x_wconf 84' lang='lat' dir='ltr'>eum</span> <span class='ocrx_word' id='word_1_149' title='bbox 320 3121 493 3195; x_wconf 81' lang='lat' dir='ltr'>duntaxat</span> <span class='ocrx_word' id='word_1_150' title='bbox 511 3122 694 3195; x_wconf 90' lang='lat' dir='ltr'>bominem</span> <span class='ocrx_word' id='word_1_151' title='bbox 717 3149 793 3195; x_wconf 89' lang='lat' dir='ltr'>esse</span> <span class='ocrx_word' id='word_1_152' title='bbox 811 3122 1001 3195; x_wconf 87' lang='lat' dir='ltr'>arbitratus</span> <span class='ocrx_word' id='word_1_153' title='bbox 1024 3141 1092 3197; x_wconf 70' lang='lat' dir='ltr'>est,</span> 
     </span>
     <span class='ocr_line' id='line_1_25' title="bbox 214 3238 1093 3336; baseline -0.005 -21"><span class='ocrx_word' id='word_1_154' title='bbox 214 3264 251 3315; x_wconf 86' lang='lat' dir='ltr'>ot</span> <span class='ocrx_word' id='word_1_155' title='bbox 274 3268 347 3312; x_wconf 94' lang='lat' dir='ltr'>non</span> <span class='ocrx_word' id='word_1_156' title='bbox 366 3240 509 3325; x_wconf 89' lang='lat' dir='ltr'>Deum,</span> <span class='ocrx_word' id='word_1_157' title='bbox 537 3266 649 3335; x_wconf 86' lang='lat' dir='ltr'>eaque</span> <span class='ocrx_word' id='word_1_158' title='bbox 669 3239 746 3335; x_wconf 89' lang='lat' dir='ltr'>ipsa</span> <span class='ocrx_word' id='word_1_159' title='bbox 766 3260 818 3312; x_wconf 90' lang='lat' dir='ltr'>est</span> <span class='ocrx_word' id='word_1_160' title='bbox 834 3238 927 3313; x_wconf 90' lang='lat' dir='ltr'>illius</span> <span class='ocrx_word' id='word_1_161' title='bbox 952 3265 1093 3336; x_wconf 88' lang='lat' dir='ltr'>respon·</span> 
     </span>
     <span class='ocr_line' id='line_1_26' title="bbox 213 3356 1092 3444; baseline -0.008 -11"><span class='ocrx_word' id='word_1_162' title='bbox 213 3359 323 3433; x_wconf 88' lang='lat' dir='ltr'>sionis</span> <span class='ocrx_word' id='word_1_163' title='bbox 345 3356 531 3428; x_wconf 78' lang='lat' dir='ltr'>sententia:</span> <span class='ocrx_word' id='word_1_164' title='bbox 556 3356 591 3428; x_wconf 87' lang='lat' dir='ltr'>Si</span> <span class='ocrx_word' id='word_1_165' title='bbox 613 3356 726 3444; x_wconf 89' lang='lat' dir='ltr'>enim,</span> <span class='ocrx_word' id='word_1_166' title='bbox 749 3356 815 3443; x_wconf 91' lang='lat' dir='ltr'>ait,</span> <span class='ocrx_word' id='word_1_167' title='bbox 836 3384 893 3429; x_wconf 85' lang='lat' dir='ltr'>me</span> <span class='ocrx_word' id='word_1_168' title='bbox 912 3358 1092 3429; x_wconf 90' lang='lat' dir='ltr'>hominem</span> 
     </span>
     <span class='ocr_line' id='line_1_27' title="bbox 213 3472 1092 3561; baseline -0.007 -12"><span class='ocrx_word' id='word_1_169' title='bbox 213 3480 389 3550; x_wconf 87' lang='lat' dir='ltr'>duntaxat</span> <span class='ocrx_word' id='word_1_170' title='bbox 410 3498 483 3544; x_wconf 87' lang='lat' dir='ltr'>esse</span> <span class='ocrx_word' id='word_1_171' title='bbox 508 3472 699 3561; x_wconf 86' lang='lat' dir='ltr'>arbitraris,</span> <span class='ocrx_word' id='word_1_172' title='bbox 727 3493 859 3546; x_wconf 81' lang='lat' dir='ltr'>ernon</span> <span class='ocrx_word' id='word_1_173' title='bbox 880 3472 1027 3560; x_wconf 81' lang='lat' dir='ltr'>Deum3</span> <span class='ocrx_word' id='word_1_174' title='bbox 1050 3498 1092 3544; x_wconf 91' lang='lat' dir='ltr'>ne</span> 
     </span>
     <span class='ocr_line' id='line_1_28' title="bbox 211 3590 1090 3678; baseline -0.007 -11"><span class='ocrx_word' id='word_1_175' title='bbox 211 3623 270 3668; x_wconf 92' lang='lat' dir='ltr'>me</span> <span class='ocrx_word' id='word_1_176' title='bbox 297 3594 392 3667; x_wconf 90' lang='lat' dir='ltr'>dicas</span> <span class='ocrx_word' id='word_1_177' title='bbox 421 3591 581 3678; x_wconf 90' lang='lat' dir='ltr'>bonum,</span> <span class='ocrx_word' id='word_1_178' title='bbox 619 3618 726 3664; x_wconf 88' lang='lat' dir='ltr'>nemo</span> <span class='ocrx_word' id='word_1_179' title='bbox 754 3590 849 3665; x_wconf 91' lang='lat' dir='ltr'>enim</span> <span class='ocrx_word' id='word_1_180' title='bbox 881 3611 935 3663; x_wconf 88' lang='lat' dir='ltr'>est</span> <span class='ocrx_word' id='word_1_181' title='bbox 965 3593 1090 3664; x_wconf 90' lang='lat' dir='ltr'>bonus.</span> 
     </span>
     <span class='ocr_line' id='line_1_29' title="bbox 211 3701 1092 3808; baseline -0.008 -22"><span class='ocrx_word' id='word_1_182' title='bbox 211 3712 344 3808; x_wconf 90' lang='lat' dir='ltr'>Neque</span> <span class='ocrx_word' id='word_1_183' title='bbox 367 3707 460 3783; x_wconf 87' lang='lat' dir='ltr'>enim</span> <span class='ocrx_word' id='word_1_184' title='bbox 481 3707 666 3781; x_wconf 90' lang='lat' dir='ltr'>bominum</span> <span class='ocrx_word' id='word_1_185' title='bbox 689 3730 820 3782; x_wconf 83' lang='lat' dir='ltr'>naturae</span> <span class='ocrx_word' id='word_1_186' title='bbox 833 3701 1016 3805; x_wconf 75' lang='lat' dir='ltr'>¹competit</span> <span class='ocrx_word' id='word_1_187' title='bbox 1032 3710 1092 3781; x_wconf 93' lang='lat' dir='ltr'>bo·</span> 
     </span>
     <span class='ocr_line' id='line_1_30' title="bbox 211 3824 1089 3911; baseline -0.007 -10"><span class='ocrx_word' id='word_1_188' title='bbox 211 3855 297 3902; x_wconf 84' lang='lat' dir='ltr'>uum</span> <span class='ocrx_word' id='word_1_189' title='bbox 325 3852 422 3911; x_wconf 80' lang='lat' dir='ltr'>esse,</span> <span class='ocrx_word' id='word_1_190' title='bbox 456 3826 518 3898; x_wconf 84' lang='lat' dir='ltr'>sed</span> <span class='ocrx_word' id='word_1_191' title='bbox 543 3825 608 3899; x_wconf 83' lang='lat' dir='ltr'>soli</span> <span class='ocrx_word' id='word_1_192' title='bbox 636 3824 734 3904; x_wconf 80' lang='lat' dir='ltr'>Deo,</span> <span class='ocrx_word' id='word_1_193' title='bbox 751 3831 772 3864; x_wconf 81' lang='lat'><strong>“</strong></span> <span class='ocrx_word' id='word_1_194' title='bbox 838 3826 1089 3900; x_wconf 86' lang='lat' dir='ltr'>Obiectionem</span> 
     </span>
    </p>
   </div>
   <div class='ocr_carea' id='block_1_4' title="bbox 246 3968 1087 4045">
    <p class='ocr_par' dir='ltr' id='par_1_14' title="bbox 246 3968 1087 4045">
     <span class='ocr_line' id='line_1_31' title="bbox 246 3968 1087 4045; baseline -0.006 -17"><span class='ocrx_word' id='word_1_195' title='bbox 246 3973 356 4042; x_wconf 58' lang='lat' dir='ltr'>afflui.</span> <span class='ocrx_word' id='word_1_196' title='bbox 379 3973 448 4031; x_wconf 76' lang='lat' dir='ltr'><em>VII.</em></span> <span class='ocrx_word' id='word_1_197' title='bbox 467 3986 511 4040; x_wconf 81' lang='lat'>30·</span> <span class='ocrx_word' id='word_1_198' title='bbox 579 3968 755 4042; x_wconf 75' lang='lat' dir='ltr'>1»)lt·1nn.7.</span> <span class='ocrx_word' id='word_1_199' title='bbox 781 3975 812 4028; x_wconf 87' lang='lat' dir='ltr'>T.</span> <span class='ocrx_word' id='word_1_200' title='bbox 829 3975 855 4030; x_wconf 88' lang='grc' dir='ltr'>Ι.</span> <span class='ocrx_word' id='word_1_201' title='bbox 875 3977 909 4031; x_wconf 82' lang='lat' dir='ltr'>P.</span> <span class='ocrx_word' id='word_1_202' title='bbox 927 3976 971 4031; x_wconf 84' lang='lat' dir='ltr'>II·</span> <span class='ocrx_word' id='word_1_203' title='bbox 988 3989 1015 4045; x_wconf 78' lang='lat' dir='ltr'>p·</span> <span class='ocrx_word' id='word_1_204' title='bbox 1033 3984 1087 4040; x_wconf 75' lang='lat'>875.</span> 
     </span>
    </p>
   </div>
   <div class='ocr_carea' id='block_1_5' title="bbox 0 0 1224 4566">
    <p class='ocr_par' dir='ltr' id='par_1_15' title="bbox 0 0 1224 4566">
     <span class='ocr_line' id='line_1_32' title="bbox 0 0 1224 4566; baseline 0 1"><span class='ocrx_word' id='word_1_205' title='bbox 0 0 1224 4566; x_wconf 95' lang='lat' dir='ltr'> </span> 
     </span>
    </p>
   </div>
  </div>
 </body>
</html>
