2594 4672
389 347 621 364 m

897 338 942 408 19

72 467 203 546 uocatis
240 445 476 564 corporibus,
512 463 605 534 hanc
641 460 877 536 universalem
914 465 942 536 si
968 465 1082 530 citur

69 590 202 685 spectes
242 606 438 680 corporum
480 582 684 653 nostrorum
723 581 948 654 resurrectio·
976 587 1083 648 XXXI.

69 731 178 788 nem,
232 701 334 772 cuius
382 698 549 769 miracula
590 697 648 768 illa
691 697 947 794 praeambulum
964 703 1105 766 W*

68 818 254 915 quoddam
276 817 416 887 fuerant
437 816 561 886 futurae
586 839 650 910 per
670 812 854 887 Christum
872 842 949 888 ver-

68 937 152 1008 bum
177 932 254 1006 Dei
279 929 483 1027 aliquando.
560 929 710 1021 „Quod
736 949 853 1002 autem
880 933 948 1005 tibi

73 1051 164 1138 dixi,
203 1052 285 1121 sunt
315 1046 425 1120 verba
462 1045 494 1116 S.
521 1045 644 1117 iacobi
679 1029 847 1119 Nisibeni
883 1047 946 1138 a),

70 1167 162 1239 binis
188 1161 308 1240 verbis
335 1164 402 1234 hos
429 1181 588 1234 mortuos
611 1161 793 1236 suscitatos
818 1165 949 1255 fuisse,

69 1284 152 1356 ideo
182 1283 314 1353 factum
346 1297 422 1367 est,
460 1280 542 1374 quia
569 1279 646 1351 dure
673 1282 948 1356 resurrectiones

68 1399 103 1471 in
138 1398 224 1495 ipsis
261 1395 339 1468 fieri
374 1394 577 1468 debebant:
616 1421 686 1468 una
723 1396 781 1467 illa
811 1397 947 1493 prima¹

69 1542 147 1613 quic
180 1536 257 1587 tum
285 1494 395 1584 facta
391 1531 471 1599 est,
498 1512 652 1584 secunda
675 1493 734 1584 ilia
758 1537 837 1607 quae
858 1516 950 1588 fu'tu·

73 1658 110 1704 ra
137 1652 201 1704 est.
255 1627 307 1700 At
335 1655 421 1702 vero
449 1627 488 1698 in
514 1629 572 1701 illa
597 1629 877 1723 resurrectione,
911 1631 952 1702 in

72 1759 142 1844 qua
168 1759 295 1854 omnes
321 1726 483 1818 homines
508 1751 714 1841 resurgent,
738 1773 807 1820 nec
831 1692 951 1845 atripli-

71 1877 112 1937 ds
153 1848 374 1948 morientur,
429 1872 504 1934 uno
541 1862 656 1936 verbo
702 1859 800 1950 Dei,
829 1864 972 1964 quod'

52 1979 238 2053 ,emittitur
271 1993 336 2075 per
371 1978 574 2070 Christum,
610 1987 800 2075 'resurgunt
826 2003 953 2052 omnes

74 2095 233 2169 defuncti
265 2095 384 2182 illico,
421 2095 457 2166 in
485 2096 558 2169 ictu
583 2095 689 2169 oculi.
740 2094 828 2168 Non
857 2098 953 2168 enim

76 2212 201 2284 debilis
229 2210 377 2306 aliquis,
404 2222 448 2286 et‘
465 2212 624 2285 infirmus
651 2232 706 2310 est
729 2237 864 2288 vocans
886 2237 953 2310 per

73 2329 160 2402 illud
184 2327 348 2402 verbum.
398 2327 494 2400 Nam
520 2355 595 2401 uno
620 2330 735 2402 verbo
760 2347 891 2419 vocat,
919 2349 954 2404 et

74 2446 179 2533 facim
206 2464 247 2517 ut
269 2443 411 2516 audiant
433 2470 558 2518 omnes
580 2445 669 2516 fines
695 2465 815 2532 terroe,
843 2467 879 2519 et
894 2473 957 2520 ιιι·

75 2561 354 2660 pergiscuntur,
394 2580 430 2633 ‘et
467 2581 657 2655 resurgunt
695 2561 878 2649 defuncti,
920 2585 955 2635 et

77 2705 151 2752 non
178 2677 271 2749 redit
294 2675 398 2748 inane
422 2675 573 2756 verbum
594 2676 640 2747 ad
662 2703 763 2764 eum,
787 2677 849 2774 qui
872 2677 954 2750 emi·

77 2795 121 2868 sit
158 2851 167 2866 .
210 2850 220 2864 .
255 2837 263 2863 ;
298 2792 361 2863 sed
390 2811 430 2864 ut
459 2777 616 2888 loquitur
642 2805 763 2866 eoram
790 2783 858 2882 eo,
894 2795 957 2891 qui

77 2899 197 2984 misit:
242 2900 318 2978 Ecce
356 2937 439 2994 ego,
481 2928 512 2980 et
543 2916 628 2997 filit,
671 2939 748 3002 quos
786 2926 821 2983 tu
860 2923 958 2984 dedis*

82 3042 109 3099 ri
132 3023 221 3098 mitt.
269 3020 318 3096 Et
344 3017 389 3095 de
415 3035 507 3098 'voce
531 3023 619 3111 ista,
655 3050 726 3119 qua
751 3029 882 3102 mortui
907 3029 957 3101 vi-·

82 3163 193 3230 sunt,
222 3134 403 3238 perhibuit
428 3138 669 3214 testimonium
692 3125 850 3215 Salvator
876 3161 957 3217 nos·

79 3280 156 3347 ter,
193 3257 337 3328 dicensi
384 3268 488 3329 Veniet
512 3246 653 3348 tempus}
680 3277 741 3351 quo·
763 3273 877 3332 mortui
904 3289 960 3334 uu-r

79 3388 167 3450 dient
197 3399 304 3446 nocem
331 3381 396 3459 filii
429 3385 516 3462 rius,
550 3396 581 3445 et
605 3386 732 3447 exibunt
757 3384 962 3472 esepulchris‘

72 3501 157 3581 suis.
210 3489 525 3583 Quemadmodum
553 3509 589 3562 et
605 3490 778 3587 'scriptum
805 3511 881 3566 e-st:
923 3505 961 3568 [ιι

78 3619 236 3702 principio
269 3627 338 3681 erar
371 3635 460 3695 vox,
497 3606 664 3702 quoniam
693 3608 752 3680 ille
780 3608 858 3704 ipse
883 3634 961 3686 voit

126 3791 158 3869 o)
192 3787 271 3844 Serm-
299 3781 380 3863 Vm·
405 3789 433 3844 cte
453 3789 595 3846 Re'srcrrect.
617 3799 771 3855 mortuorum
791 3803 818 3860 v.
841 3787 868 3855 6}
892 3781 961 3860 Bith

173 3873 235 3936 1²1².
264 3872 327 3938 Vnt
354 3872 384 3936 Z
411 3871 446 3933 V.
465 3886 493 3946 γ.
515 3873 602 3934 LXV.

608 3973 693 4074 ,Βῖ
