2438 4566
302 303 380 369 404
625 276 859 337 ....--·.....

157 423 272 488 (ΜΤ
301 435 399 508 lecto
428 430 717 519 recumbentem:
752 417 864 506 filium
890 431 1018 508 viduae·
1035 436 1176 516 unicum

188 547 242 614 ΟΥ·
301 547 419 620 matris
444 550 538 636 sure,
560 549 659 634 ¹dum
688 548 731 618 ad
759 552 958 646 sepulcrum
985 553 1026 625 in
1052 558 1180 638 feretro.

142 664 284 723 ‘'V'‘
301 667 520 737 deterretur:
550 663 728 736 'Lazarum
764 665 834 741 ianr
864 670 1063 765 quatriduo
1092 703 1173 748 mor·

299 803 422 869 tuum,
449 807 489 852 ac
512 781 684 878 sepultum
711 781 851 880 iamque
875 787 1088 862 foetentem:
1113 793 1174 866 vic·

300 922 415 974 torem
450 899 614 993 adeoque
645 897 746 970 vides
781 902 905 975 mortis
938 904 1171 999 intumulo,

300 1020 435 1095 feretro
460 1034 504 1112 et
526 1019 644 1088 lecto!
684 1016 973 1096 Resuscitaturus
1000 1029 1172 1120 puellam,

299 1165 368 1213 carn
391 1145 524 1207 uenisset
551 1143 641 1214 ,Iesus
667 1144 700 1204 in
725 1144 847 1207 domum
865 1151 1045 1231 principis,
1079 1165 1110 1217 er
1131 1155 1171 1214 vt.

298 1264 391 1326 disset
411 1261 548 1323 tibicines
568 1271 598 1321 et
617 1258 739 1346 turham
758 1254 1020 1354 tumultuantem,
1045 1270 1168 1332 dieebau

300 1379 463 1444 Recedite:
488 1395 558 1464 ¹nan
592 1389 637 1440 est
663 1389 787 1440 mortua
806 1381 938 1460 puella,
963 1382 1031 1462 sed
1056 1388 1165 1449 dormit.

298 1497 342 1560 Et
371 1495 547 1558 deridebant
571 1513 638 1556 eum
665 1480 714 1574 a).
779 1486 883 1564 Dum
911 1492 1169 1586 resuscitaturus

298 1603 473 1676 Lazarum·
500 1602 534 1673 in
565 1601 720 1695 Judaeam
750 1626 936 1698 pergeret,
976 1607 1015 1681 in
1046 1610 1107 1692 via
1131 1609 1169 1683 ad

297 1721 521 1818 discipulos:
558 1727 720 1805 Lazarus,
756 1719 803 1819 ait
832 1717 896 1810 b),
932 1735 1056 1797 amicus
1080 1725 1170 1800 nester

296 1849 432 1912 dormit:
444 1846 506 1927 sed
522 1846 624 1921 uado,
652 1856 688 1906 ut
707 1845 846 1924 afiimno
867 1853 1001 1915 excitem
1022 1871 1114 1931 eum,
1131 1862 1168 1922 ,ut

297 1956 504 2031 ostenderet
530 1972 599 2032 tam
621 1951 722 2024 facile
743 1952 806 2024 fibi
827 1980 901 2036 esse
925 1959 1166 2033 resuscitarea

216 2052 221 2061 ⁴
295 2072 465 2158 mortuis,
493 2096 596 2166 quam
616 2068 692 2165 quis
716 2073 862 2143 alterum
882 2096 902 2141 e
923 2073 1058 2148 somno
1079 2075 1173 2151 susti«

176 2170 190 2206 τ’
249 2215 253 2220 ’
289 2190 357 2266 tet.
408 2190 490 2261 Hoc
511 2206 545 2259 et
561 2186 657 2283 apud
674 2185 965 2285 Archisynagogi
987 2191 1102 2286 filiam
1116 2221 1170 2285 vu·

292 2309 361 2384 luit
387 2308 525 2391 dicere,
553 2305 717 2398 egitque,
744 2305 829 2376 dum
862 2305 974 2392 eiecta
999 2311 1105 2385 turba
1128 2311 1180 2399 iri-⁹

295 2425 428 2512 travit,
463 2443 498 2495 et
524 2421 637 2494 tenuit
667 2447 811 2492 manum
843 2422 936 2494 eius:
978 2448 1011 2496 et
1028 2436 1169 2515 staretis

287 2555 416 2639 puelia:
439 2567 479 2614 ac
499 2538 602 2636 fiquis
623 2538 827 2611 accedendo
846 2542 976 2611 lectum
998 2543 1169 2618 dormien·

293 2662 339 2736 tis
369 2684 512 2732 manum
538 2677 661 2728 tenens
687 2681 706 2726 e
732 2657 858 2728 somno
887 2656 1030 2731 excitet.
1085 2662 1168 2735 ‘Per-

294 2778 474 2879 inde0est‚
502 2793 541 2846 ut
568 2773 663 2869 apud
688 2772 857 2846 Marcum
881 2773 1013 2868 legitur
1040 2775 1100 2869 c):
1131 2789 1165 2852 u

293 2916 395 2968 tenens
426 2919 550 2962 manum
565 2898 690 2979 puelle,
723 2902 770 2960 ait
794 2898 870 2958 tut:
911 2898 1042 2965 Talitlra
1067 2910 1167 2989 cumi,

291 3022 377 3106 arrad
393 3031 437 3082 est
456 3021 711 3098 interpretatum:
729 3014 836 3077 Puella
856 3006 876 3101 (
886 3018 942 3079 tibi
959 3007 1163 3103 dico)surge.

291 3128 347 3202 Sic
372 3127 537 3200 iuvenem
561 3113 788 3196 revdcaturus
814 3125 861 3196 ad
884 3125 992 3198 vitam
1020 3145 1164 3217 accessit,

291 3267 322 3321 et
347 3257 451 3330 tetigit
471 3253 602 3314 loculum
629 3243 808 3334 (iri-autern
830 3256 885 3333 qui
897 3229 1094 3336 portabant,
1110 3255 1163 3336 stt·

288 3357 418 3452 terunt)
439 3383 470 3433 tt
490 3373 560 3431 ait:
586 3370 784 3447 Adolescens,
808 3353 865 3432 tur
882 3371 967 3448 dico,
979 3371 1089 3450 sarge.
1125 3374 1161 3436 u

286 3490 417 3566 resedit,
443 3489 497 3569 qui
526 3498 593 3547 erat
617 3500 780 3563 mortuus,
806 3498 838 3549 et
866 3493 956 3568 capit
977 3491 1075 3573 loqui.
1124 3491 1161 3552 u

254 3583 373 3670 'dedit
408 3605 494 3666 tuum
529 3604 624 3663 matri
645 3601 712 3681 sue
746 3589 796 3684 d).
862 3592 1038 3669 Lazarum
1077 3623 1157 3674 vero

286 3719 388 3792 velut
416 3741 435 3787 e
464 3711 626 3808 graviore
656 3712 782 3783 somno
816 3713 1056 3806 excitaturus,
1089 3740 1158 3788 auct

319 3890 352 3966 a)
370 3894 471 3949 Mettis.
490 3892 547 3947 IX.
568 3902 611 3957 23.
716 3887 747 3959 b)
764 3889 845 3957 joan.
866 3893 925 3948 XI,
944 3910 987 3950 11.

351 3968 382 4041 s)
398 3973 489 4029 Marc.
512 3971 545 4027 V.
564 3985 608 4038 41.
715 3967 747 4040 d)
765 3970 828 4027 Ine.
852 3970 921 4027 VII.
944 3986 986 4039 14.
