2438 4566
244 291 320 381 '406
567 258 807 346 ΕΞΞ

103 437 218 506 thr
245 439 497 515 antecedenter
528 437 667 512 firmare
705 441 887 512 voluerat:
929 436 1017 514 hinc
1043 451 1113 515 dixu

137 560 191 614 CV·
243 571 286 630 eis
309 565 494 644 urumJeste:
528 564 671 626 Lazarus
695 577 833 626 mortuus
856 579 924 645 est,
952 581 986 630 et
1006 571 1113 645 gaudeo

88 675 233 737 “V'‘
237 696 365 768 propter
387 701 465 759 uos,
487 693 522 741 ut
539 683 694 756 credaris,
722 685 866 767 quonium
884 703 948 745 nou
971 704 1058 747 erum
1071 687 1112 746 iti.

238 776 324 880 „Et
340 788 442 873 ideo,
465 788 545 866 sunt
563 787 674 861 verba
694 787 726 860 Sa
748 788 801 868 do.
823 789 1048 888 Chrysologi
1068 788 1112 882 a),

244 926 396 988 mortem
434 904 555 976 Lazari
598 923 708 999 usque
757 904 803 976 ad
848 909 1114 1001 quatriduanum

238 1044 387 1117 ‚tempus
411 1018 596 1116 protendit
606 1031 619 1107 ,'
642 1046 754 1115 usque
780 1023 826 1092 ad
850 1023 1021 1097 foetorem
1043 1050 1115 1122 pra·

217 1127 369 1214 'valere
387 1136 575 1232 permittit,
617 1157 657 1208 ut
683 1135 847 1234 discipuli
870 1141 1026 1214 dubium
1053 1168 1113 1214 non

243 1255 445 1339 haberent,
483 1278 590 1348 *posse
623 1252 822 1330 Dominum
851 1277 940 1351 past
968 1257 1112 1331 triduum

241 1371 361 1452 adhuc
393 1390 571 1442 recentem
600 1370 762 1464 surgere,
799 1396 878 1442 cum
911 1373 1054 1471 seryum
1077 1372 1112 1446 vi·

243 1487 379 1560 dissent
399 1507 479 1583 post
498 1478 724 1581 quatriduuni
746 1489 886 1581 surgere
909 1487 981 1562 iam
1006 1491 1112 1562 foeten

243 1623 347 1677 tem:
388 1624 423 1675 et
452 1603 635 1684 crederent
660 1603 758 1686 illum
788 1603 889 1675 facile
921 1630 1033 1701 posse
1064 1604 1113 1677 fibi

242 1721 352 1794 vitam
376 1720 545 1803 reddere,
582 1718 643 1813 qui
671 1719 776 1790 alium
798 1719 912 1795 taliter
940 1741 1113 1795 revocaret

136 1835 139 1853 ¹
245 1839 294 1919 ad
320 1836 440 1935 vitam.
500 1834 595 1906 Hinc
623 1854 696 1921 est,
732 1836 831 1930 quod
860 1835 970 1909 dicit:
1006 1849 1113 1924 gaudeo

235 1975 370 2050 propter
393 1981 474 2038 uos,
501 1975 537 2024 ut
559 1962 699 2030 credatis.
751 1951 910 2024 Necesse
938 1981 1026 2052 erge
1051 1971 1111 2027 erat

244 2088 342 2146 mors
363 2069 505 2155 Lazari,
533 2090 573 2140 ut
596 2087 630 2139 et
657 2093 736 2138 curn
762 2067 896 2140 Lazaro
925 2070 997 2143 iarn
1019 2058 1119 2146 disci«

243 2191 412 2284 pulorum
432 2186 523 2271 fides
544 2205 774 2290 consurgeret
796 2187 972 2292 sepulcre,
986 2193 1011 2239 “1

320 2420 519 2494 Obscurius
538 2420 700 2494 Christus
723 2447 862 2494 causam
882 2421 1037 2502 indicat,
1062 2447 1112 2497 cur

229 2539 398 2634 ⁴gaudeat
423 2532 567 2634 propt'er
595 2539 804 2634 discipulos,
836 2539 919 2632 quia
946 2567 1024 2613 non
1053 2557 1113 2613 erat

243 2654 313 2740 ibi;
337 2655 490 2750 apertius
516 2681 590 2725 eam
611 2655 764 2728 declarat
786 2655 953 2728 Martha:
978 2667 1107 2742 Domine,

242 2770 381 2865 inquit,
409 2784 436 2842 si
458 2781 572 2859 fuisses
597 2782 675 2866 hic,
686 2781 793 2859 frater
814 2801 897 2870 meus
928 2801 989 2843 non
1004 2785 1111 2863 fuisset

242 2911 390 2971 mortuus.
459 2886 604 2965 Tribuit
634 2888 703 2958 hoc
732 2888 841 2963 amori
875 2887 1011 2967 Christi
1041 2916 1113 2987 erga

239 3002 405 3087 familiam
432 3002 494 3074 fibi
518 3001 608 3086 adeo
634 3003 824 3090 devotam,
852 3025 913 3089 ut,
943 3008 1007 3102 qui
1037 3033 1112 3104 pra·

241 3149 323 3217 sens
341 3122 378 3193 in
399 3121 508 3193 domo
531 3119 624 3192 Petri
647 3122 783 3191 socrum
804 3120 941 3192 sanitati
961 3126 1111 3209 restituit,

239 3240 336 3324 idem
363 3265 399 3314 m
427 3239 537 3317 domo
561 3237 680 3318 Lazari
710 3237 864 3308 facturus
894 3261 1009 3314 esset:
1049 3245 1112 3338 ple·

128 3392 132 3398 ’
241 3382 360 3452 naque
379 3354 458 3458 fidq
472 3353 626 3439 imbuta,
656 3379 721 3427 nec
739 3355 850 3428 modo
870 3356 999 3429 diffidit
1020 3361 1110 3431 Mar·

240 3475 303 3551 tha
330 3474 375 3546 de
403 3469 534 3546 Christi
563 3469 692 3545 virtute
719 3496 759 3541 ac
784 3472 966 3567 potentia:
1004 3486 1063 3548 Sed
1085 3493 1110 3547 et

241 3620 319 3664 nunc
328 3598 422 3679 seio,
449 3585 580 3684 pergit,
608 3599 683 3678 quia
701 3614 880 3680 quecunque
900 3607 1072 3681 poposceris
1091 3618 1107 3660 u

242 3716 327 3791 Deo,
355 3716 441 3781 dubit
461 3715 517 3803 ribi
538 3713 627 3775 Deus.
668 3713 754 3786 Dicit
771 3716 817 3776 illi
833 3717 943 3786 Jecur:
974 3718 1107 3792 Resurget

232 3834 339 3923 frater
370 3845 453 3892 tuus.
526 3821 612 3895 Non
646 3823 820 3917 praesumit
856 3824 1009 3898 Martha
1039 3827 1104 3896 haec

273 3963 303 4035 ρ)
322 3970 401 4022 Sum.
421 3967 534 4025 LXIII.
551 3982 578 4038 p.
598 3978 640 4036 98.
