2438 4566
401 262 633 342 ”““,“---““-ῑ“-
882 296 950 369 159

84 420 245 495 eruere.“
297 421 349 493 Sic
370 421 590 493 Cassiodoro
611 418 650 510 a)
672 422 780 494 fortes
799 421 882 494 ideo
904 426 953 494 di·
975 434 1089 498 Crine

84 559 208 611 cuntur
236 538 433 623 daemoneS,
462 539 544 632 quia
567 539 765 611 mortalium
788 540 953 635 superant
1003 557 1061 611 Lx,

84 655 216 750 fragiles
234 641 509 725 imbecillitates,
553 653 730 727 Omnibus
755 656 954 752 expressius
969 672 1109 732 W*

86 769 126 843 V.
155 765 387 842 Hildebertus
418 770 454 839 in
489 769 597 842 Serme
625 771 670 842 de
694 772 857 844 laudibus
884 799 958 845 cru·-

89 890 131 960 εἰς
153 885 215 978 b),
253 910 418 981 ‚,que1n,
454 885 600 982 inquit,
630 914 703 959 non
733 892 794 960 sua
822 889 958 986 virtus,

92 1006 142 1076 Ied
175 1025 297 1101 nostra
332 1024 475 1100 peccata
509 1005 636 1079 fortem
671 999 855 1078 fecerunt:
897 1006 960 1102 qui

92 1120 279 1200 dominium
294 1122 397 1216 [uper
415 1118 480 1192 nos
500 1115 699 1217 usurpavit,
720 1148 794 1193 non
817 1124 875 1194 sua
893 1123 961 1195 vir-

93 1257 179 1324 tute,
215 1239 277 1309 sed
308 1264 352 1308 ex
383 1256 502 1307 nostra
534 1236 782 1310 infirmitate.“
849 1239 959 1336 Igitur

95 1379 185 1426 causa
206 1373 314 1450 penes
334 1373 399 1423 nos
423 1369 489 1437 est,
518 1371 553 1423 et
576 1355 698 1448 culpa,
726 1348 825 1448 quod
848 1353 981 1451 tyran·⁴
1006 1398 1008 1401 ·

95 1471 201 1542 uidem
227 1488 369 1540 exercet
390 1469 425 1538 in
447 1492 558 1563 genus
583 1470 776 1540 humanum
802 1472 957 1560 daemon,

95 1606 127 1657 ut
159 1587 225 1658 tuit
259 1586 450 1682 pracsertim
489 1585 700 1656 miserrimus
735 1587 841 1657 status
879 1607 959 1660 ante

96 1703 265 1776 Christum
290 1703 379 1773 inter
403 1721 545 1796 gentes,
573 1701 695 1788 idolis,
725 1698 863 1775 abiecto
884 1703 962 1775 veri

94 1817 157 1892 Dei
176 1823 299 1904 cultu,
327 1839 431 1914 atque
455 1819 544 1890 adeo
567 1812 789 1917 daemonibus
812 1815 965 1893 servien-
1039 1908 1045 1930 x

93 1955 152 2023 tes,
174 1963 246 2032 qua
267 1931 440 2032 impietate
462 1937 550 2031 saepe
568 1935 673 2008 etiam
691 1937 852 2010 Israelitae
872 1937 961 2009 abri-

90 2054 294 2148 piebantur:
324 2068 512 2146 erantque,
541 2052 626 2122 dum
650 2053 750 2125 venit
774 2052 957 2139 Christus,

90 2171 195 2242 varias
223 2169 260 2239 in
288 2171 395 2240 sectas
422 2170 470 2240 ob
492 2169 699 2263 religionem
723 2169 842 2256 scissi,
869 2193 963 2241 erro·

90 2287 180 2360 ribus
204 2300 239 2358 et
263 2287 420 2358 moribus
442 2285 633 2382 depravati.

155 2520 246 2593 Erat
271 2519 361 2591 iuter
386 2511 448 2589 has
470 2510 563 2589 secta
587 2506 882 2601 Sadducaeorum,
909 2507 963 2606 qiu

90 2647 188 2710 dicum
214 2665 274 2706 non
301 2665 361 2707 esse
387 2647 656 2719 resurrectionem,
684 2662 777 2724 neque
799 2643 961 2718 argelum,
1071 2718 1074 2726 s

90 2762 342 2847 nequespirirum
371 2749 425 2840 c),
462 2773 502 2823 ut
527 2744 607 2822 sunt
635 2749 825 2822 etiamnum
854 2749 963 2820 hodie

92 2889 184 2943 tanto
206 2871 298 2968 proh
322 2869 425 2940 dolor
449 2888 618 2954 numero,
646 2894 739 2964 quos·
757 2886 831 2938 non
851 2866 965 2962 pudet
1141 2923 1146 2955 ,

94 3012 129 3057 se
143 2986 256 3060 brutis
274 2986 508 3082 aequiparare,
530 3005 641 3080 ‘atque‘
654 2985 689 3054 in
709 2983 825 3054 anima
845 3002 965 3055 nostra
1065 3069 1067 3072 y

91 3101 242 3176 divinam
269 3102 363 3174 illam
394 3102 568 3195 originem
595 3122 669 3171 non
696 3120 862 3171 verentur
888 3100 966 3171 infi-

91 3220 195 3308 ciari,
232 3245 303 3315 qua
336 3219 382 3290 ad
414 3217 602 3312 imaginem
638 3233 674 3288 et
704 3215 964 3288 fimilitudinem

89 3333 156 3409 Dei
185 3335 325 3417 conditi
346 3337 465 3406 sumus
489 3325 611 3405 divina
633 3330 796 3404 instructi
816 3331 963 3419 virtute,

88 3473 123 3527 ut
156 3453 207 3526 ad
237 3452 423 3550 imperium
458 3450 581 3522 animae
618 3466 747 3525 nostrae'
778 3441 963 3546 spiritualis

87 3591 226 3668 regatur
248 3596 379 3666 corpus
402 3563 573 3668 animale:
602 3594 643 3640 ac
666 3567 802 3640 sivero
825 3567 868 3638 ad
892 3568 964 3638 hoc

89 3714 176 3786 opus
206 3688 247 3759 srt
272 3678 475 3758 im'mediato
494 3711 616 3761 *crasso
640 3685 798 3783 quodam
819 3681 964 3756 influxu
996 3687 1003 3704 ‘

125 3875 156 3947 ι)
171 3873 209 3928 In
221 3861 315 3929 psam.
332 3868 439 3929 LVIII.
455 3880 481 3934 3.
501 3870 587 3931 1111.
603 3883 629 3941 p.
647 3878 708 3940 184.
774 3864 804 3947 b)
818 3867 881 3945 Peg.
900 3870 968 3936 594.⁸

164 3959 198 4032 c)
222 3958 284 4012 nrt.
309 3954 421 4013 XXIII.
446 3963 471 4015 8.
676 3964 682 3973 ’
712 3964 714 3968 ’
