2438 4566
405 279 654 324 ‘m'

897 316 968 382 411

94 437 488 538 sto-chrysostomi
515 438 575 531 a),
604 459 736 537 quanta
764 441 806 515 fit
831 443 972 541 pontifi·
998 436 1117 502 CUM*

94 558 181 631 calis
201 561 383 654 potestas?
412 559 506 652 Quia
527 559 618 630 enim
640 559 883 656 pontificatum
904 562 973 633 sor·
1025 546 1105 649 ⁰5⁷¹·-

84 675 182 761 titus
205 700 296 762 erat,
323 675 405 748 licet
425 673 591 768 indignus
613 676 859 772 prophetavit,
887 677 973 772 quid
990 652 1132 734 W&-
1158 720 1168 779 ς

97 792 235 864 diceret
261 793 443 888 ignorans
487 789 609 863 Gratia
640 791 714 863 eius
744 812 879 864 tantum
910 821 973 866 ore

88 934 162 980 :usa
197 929 271 995 est,
308 908 490 1004 impurum
525 901 614 980 vero
645 933 707 980 cor
740 936 820 1005 non¹
846 911 971 1006 tetigit.

62 1024 212 1126 Δ,ΜυΙῑί
241 1049 387 1120 quoque
411 1024 469 1096 alii
495 1024 612 1096 futura
633 1024 894 1120 praedixerunt,
922 1027 974 1097 in·

95 1141 200 1237 digni
220 1142 322 1239 iicet,
348 1140 710 1240 Nabuchodonosor,
730 1141 886 1230 Pharao,
908 1143 975 1216 Ba·

92 1261 216 1344 laam,
269 1255 500 1351 omniumque
540 1282 644 1329 causa
685 1258 869 1332 manifesta
907 1279 971 1332 est.

96 1375 184 1447 Hoc
207 1395 322 1446 autem
344 1376 422 1446 vult
444 1373 506 1443 ille·
525 1373 728 1468 fignificare.
778 1375 856 1449 Vos
878 1378 975 1450 sede·

95 1492 164 1576 tis,
190 1492 307 1563 adhuc
323 1489 464 1585 segnius
483 1490 554 1562 hoc
572 1489 756 1585 negotium
776 1493 973 1582 attenditis,

96 1633 166 1680 nec
187 1607 294 1693 scitis,
322 1607 427 1678 unius
451 1605 605 1678 hominis
627 1609 770 1679 salutem
793 1633 860 1704 pro
882 1589 994 1680 com·¹

96 1723 200 1804 muni
228 1723 524 1795 contemnendam
553 1708 637 1796 esse.
707 1723 820 1810 Vide,
844 1744 975 1818 quanta

96 1842 141 1915 fit
163 1839 275 1912 virtus
298 1839 454 1935 Spiritus,
506 1839 565 1911 Ex
585 1840 750 1937 improba
772 1863 890 1914 mente
915 1842 977 1912 mi-

93 1957 217 2030 rabilis
235 1956 428 2052 prophetiae
446 1955 555 2028 verba
573 1957 691 2053 potuit
709 1958 869 2031 elicere.“
896 1959 978 2032 Suc-
1072 1978 1075 1985 ’

100 2073 191 2148 cinit
216 2073 512 2169 Theophylactus
537 2074 573 2144 in
597 2075 631 2145 h.
656 2078 678 2145 l.
706 2075 759 2145 T.›
779 2077 805 2146 Ι.
829 2102 863 2172 p.
889 2080 972 2149 666.

129 2233 130 2237 =
176 2191 322 2263 Totum
345 2191 557 2286 porrohoc
587 2190 816 2264 redemtionis
850 2214 975 2271 nostrat

95 2307 303 2404 mysterium
331 2334 395 2404 per
422 2333 532 2379 unum
560 2309 742 2380 hominem
768 2309 977 2400 (Christum

97 2423 224 2504 Deum
242 2445 276 2500 et
293 2421 500 2512 hominem)
521 2425 565 2496 de
582 2451 655 2520 quo
669 2425 823 2521 Caiphas
839 2425 877 2495 in
894 2453 977 2497 con·
1018 2511 1019 2517 ἵ

97 2543 184 2618 cilio
217 2540 428 2637 pontificum
461 2561 495 2614 et
529 2540 784 2613 Pharisaeorum
816 2542 975 2616 nesciens

99 2659 190 2754 quid
202 2658 333 2729 diceret
346 2660 484 2730 locutus
500 2677 570 2746 est,
590 2658 622 2730 S.
638 2657 785 2733 Proclus
798 2654 855 2747 b),
874 2658 906 2730 S.
921 2659 989 2731 Jo:

100 2773 354 2871 Chrysostomi
385 2774 603 2871 discipulus,
641 2773 739 2846 etin
766 2773 848 2846 fede
879 2774 976 2846 Con·
1068 2858 1072 2869 Ι

99 2892 416 2987 stantinopolitana
438 2894 636 2980 successor,
664 2889 841 2963 christiani
866 2892 979 2967 nomin

100 3011 157 3084 nis
177 3008 339 3106 pontifex
355 3008 392 3100 in
409 3011 517 3104 pleno
532 3036 702 3102 ponsessu
721 3009 864 3081 Patrum
886 3035 980 3081 oecu-
1028 3006 1030 3010 ⁴
1086 2990 1094 3002 ,

99 3124 232 3199 menici
260 3123 400 3210 concilii
426 3125 607 3222 Ephesini
616 3125 803 3220 perspicue
825 3145 860 3196 et
882 3129 980 3198 lucu·
1097 3128 1102 3137 ’

99 3247 215 3318 lenter
242 3242 428 3338 exposuit:
457 3242 670 3328 „Humana,
695 3240 829 3337 inquit,
854 3263 978 3318 natura

99 3379 248 3458 propter
273 3381 418 3457 peecata
444 3359 559 3432 multis
587 3357 753 3434 obstricta
781 3357 906 3430 debitis
930 3378 980 3430 te·

101 3478 277 3562 nebatur;
304 3501 420 3572 neque
445 3477 545 3573 quod
569 3477 723 3549 debebat
745 3478 817 3550 ulla
840 3476 982 3556 ratione
1079 3490 1085 3499 ”

101 3595 308 3691 dependere
330 3615 480 3690 poterat.
532 3593 600 3666 Per
621 3595 801 3667 Adamum
824 3616 978 3685 namque

69 3739 228 3820 'omnes
256 3718 405 3808 peccato
435 3711 534 3808 quasi
568 3709 842 3806 chirographum
874 3709 979 3817 dede·

135 3891 166 3962 a)
185 3893 263 3948 Hom.
282 3891 372 3946 LXV.
392 3893 420 3954 in
436 3892 563 3960 Jonnnem
581 3909 606 3945 n.
625 3889 652 3944 I.
674 3891 707 3945 T.
730 3889 816 3945 VIII.
834 3902 860 3960 p.
880 3899 940 3956 389.

168 3970 197 4043 b)
216 3972 294 4027 Laba.
318 3972 349 4025 T.
368 3969 430 4023 III.
454 3971 550 4026 concil.
567 3984 594 4040 p.
617 3985 657 4036 14.
678 3986 704 4022 n.
725 3981 749 4034 ς.
