2438 4566
100 400 215 463 Cra-'1'
239 394 564 495 {marpunctionem
594 397 882 495 praemittendam
912 416 1013 496 putat
1037 418 1099 499 post
1148 427 1153 498 1

92 524 221 577 mccl.
239 519 372 589 ressa:
401 526 461 609 „Qui
485 530 517 586 in
542 544 590 585 nze
609 528 726 604 credit,
745 522 830 601 ficut
853 526 933 587 dicit
945 526 1099 609 scriptura:
1148 518 1153 587 Ι

89 645 280 709 “Wu:
299 634 386 705 {fiad
401 644 535 718 ftumin:
556 645 593 703 e'e
615 656 722 704 evenere
741 644 807 703 eius
816 644 942 719 fluent,
966 634 1006 706 fit
1023 632 1102 707 Chri·
1150 644 1153 700 J

242 754 289 825 sai
320 748 497 823 sententia.
556 748 734 820 Ventrem
762 776 826 821 cor
861 750 989 822 vocari
1018 740 1099 837 dicit,

244 870 391 941 fiumina
404 894 522 937 autern
542 919 563 951 2.
572 867 771 937 ubertatem
790 888 827 937 et
839 866 983 963 copiam
1000 856 1102 963 gratia
1151 924 1153 939 ⁴

243 986 313 1068 ἵε,
340 985 408 1069 aiz,
435 984 518 1055 alibi
551 983 635 1055 dicit
663 983 709 1053 ad
738 984 925 1055 mulierem
952 984 1103 1056 Samarita-

243 1130 326 1176 nam
346 1129 424 1172 :ern
429 1128 496 1197 pe:
526 1110 606 1170 fetu
624 1126 709 1191 cpttae
728 1108 965 1187 vivaeflzliertta's
980 1115 1012 1173 in
1025 1114 1105 1173 vitan

243 1248 406 1303 cavean,
444 1218 482 1287 id
511 1243 588 1303 est,
625 1221 772 1289 multam
800 1217 949 1290 habebit
973 1218 1104 1314 gratiam.

243 1336 344 1406 Alibi
362 1335 518 1419 dixerat,
538 1348 641 1404 vitam
658 1357 818 1421 aternum,
837 1335 897 1407 hic
916 1336 1003 1409 dicit
1014 1362 1107 1429 aquam

243 1466 365 1521 eka-m.
433 1452 566 1521 Vivam
598 1475 706 1523 vocat
737 1478 838 1539 earn,
876 1477 958 1547 quae
995 1454 1109 1551 semper

245 1593 434 1664 operatur:
463 1568 610 1665 Spiritus
637 1567 733 1639 enirn
763 1567 876 1663 gratia
897 1595 979 1641 cum
1002 1568 1039 1641 in
1057 1566 1110 1641 ani·

244 1714 341 1757 mam
365 1687 519 1780 ingressa
541 1711 576 1757 et
596 1686 744 1757 stabilita
768 1686 895 1773 fuerit,
920 1692 1111 1785 plusquam

246 1805 328 1876 fons
351 1802 465 1897 quivis
484 1803 644 1889 scaturit;
673 1830 789 1900 neque
812 1824 942 1893 cessat,
968 1807 1027 1877 vel
1051 1828 1112 1877 eva·

246 1944 389 2004 cuatur,
418 1946 534 2015 neque
560 1919 699 1993 desinit.
761 1918 813 1992 Ut
841 1946 930 2015 ergo
954 1920 1114 2009 s1mul,et

244 2063 433 2131 nunquam
464 2038 641 2123 deficere,
679 2058 715 2111 et
740 2036 967 2109 ineffabiliter
991 2034 1113 2137 operari

246 2154 419 2229 decutet.
459 2156 596 2225 fontem
627 2176 662 2227 et
689 2154 821 2228 fluvios
849 2158 1031 2251 appellat;
1055 2177 1115 2226 non

246 2297 361 2342 unum
385 2270 536 2342 fluvium
563 2272 625 2342 sed
653 2271 939 2344 innumerabiles.
990 2272 1038 2346 Et
1058 2270 1114 2345 illic

244 2388 427 2459 salientem
450 2415 518 2484 pro
540 2388 736 2460 inundante
754 2388 857 2461 dixit.
904 2389 1019 2483 Quod
1037 2392 1112 2465 clare

244 2508 437 2603 percipiet,
465 2506 493 2577 si
521 2506 599 2600 quis
625 2506 830 2603 sapientiam
852 2506 1042 2603 Stephani,
1065 2504 1114 2577 Pe·

247 2624 293 2695 tri
314 2624 490 2717 linguam,
513 2622 614 2694 Pauli
629 2625 702 2695 vim
721 2623 1015 2697 consideraverit.
1043 2622 1112 2717 Quo

244 2766 355 2835 pacto
391 2740 477 2809 nihil
514 2765 575 2810 eos
612 2740 750 2825 tulerit,
787 2739 875 2811 nihil
909 2740 1111 2823 sustinuerim

246 2883 323 2926 non
341 2860 559 2951 populorum
577 2857 694 2942 furor,
713 2882 788 2927 non
803 2876 1037 2954 tyrannorum
1054 2857 1112 2933 vio·

245 2972 372 3058 lentia,
401 2997 476 3041 non
502 2971 707 3044 daemonum
731 2972 889 3063 insidiae,
917 3004 995 3048 non
1018 2970 1112 3073 quoti·

247 3092 362 3161 diauae
393 3110 536 3160 mortes.
604 3089 674 3161 Sed
699 3091 799 3185 quasi
826 3091 979 3165 flumina
1000 3114 1112 3189 magno

246 3207 383 3301 impetu
402 3207 572 3293 fluentia,
591 3209 636 3278 s1c
655 3206 775 3279 omnia
791 3208 910 3279 secum
928 3204 1111 3284 traxerint“

246 3322 440 3394 Parallelus
468 3346 520 3396 est
545 3324 603 3395 hic
629 3326 744 3395 sermo
774 3324 810 3397 in
841 3331 977 3425 templo
1006 3330 1048 3402 ad
1069 3326 1111 3398 Ju·

185 3480 190 3489 ·
248 3441 347 3512 daeos
374 3440 557 3535 colloquio
583 3442 629 3512 ad
653 3441 927 3532 Samaritanam,
956 3442 1110 3546 quo-eius
1149 3463 1153 3532 ι

247 3559 404 3631 animum
428 3586 448 3629 a
469 3560 567 3629 fonte
590 3558 721 3645 Jacob,
749 3584 855 3654 quem
884 3562 1057 3657 quantivis
1073 3558 1110 3629 n·

247 3677 390 3749 ciebant
410 3676 633 3762 Samaritani,
654 3677 848 3749 abduceret
869 3680 971 3752 adse
994 3682 1109 3753 fontem
1150 3677 1153 3753 i

244 3793 367 3865 vivum
390 3795 530 3889 gratiae3
559 3794 610 3866 uti
631 3793 690 3864 hic
718 3795 860 3867 Judaeos
879 3797 925 3867 ab
944 3796 1068 3869 umbris
1083 3804 1108 3861 et
1150 3813 1153 3896 j

246 3909 367 4005 figuris
392 3913 477 4006 legis
502 3913 753 3987 cecrcmonialis
779 3914 826 3986 ad
851 3916 1002 3989 eandem
1025 3933 1107 3989 evan·
1150 3963 1153 3970 -
