2438 4566
313 266 382 335 126
630 253 862 323 ¹¹¹¹?-

162 404 275 466 ΒΑΜ
311 412 404 483 niam
427 434 514 483 vero
539 406 741 505 proximum
763 432 840 479 non
864 406 932 481 nisi
955 398 993 483 iii
1020 408 1134 503 Deo,
1160 432 1211 491 et-

188 526 248 579 Lu.
310 549 454 627 propter
475 526 597 597 Deum
616 525 790 596 summum
810 523 965 613 bonum,
991 530 1029 601 e't
1046 510 1204 605 unicum·

148 643 290 702 *ΛΝ
309 648 417 718 finem
447 642 592 737 diligere
618 641 790 715 debemus
805 642 825 726 ξ’
849 640 955 716 Deus
982 671 1075 719 vero
1112 672 1184 745 quae

311 761 375 834 uni
401 767 446 833 ex
470 757 622 829 minimis
650 757 764 845 fiunt,
798 762 966 857 tanquam
995 761 1065 835 fibi
1092 764 1180 839 lacte

309 875 555 972 recognoscit,-
589 874 726 949 Mattlu
755 874 882 947 XXV.
909 901 970 965 40.
999 900 1063 969 45.
1094 900 1179 955 recte
1207 908 1211 969 ς

309 995 434 1069 dicitur
460 995 498 1065 in
521 1020 642 1067 amore
667 992 823 1090 proximi
844 994 1023 1067 contineri
1043 1008 1177 1095 quoque
1206 975 1211 1059 ’ᾗ

310 1137 465 1184 amorem
496 1109 581 1183 Dei.
630 1110 690 1182 Ex
706 1108 827 1184 'verbis
853 1126 970 1182 tamen
996 1111 1099 1187 istist·
1116 1122 1211 1185 ΠΨ

309 1251 355 1300 est
377 1240 457 1301 enim
478 1238 528 1299 Iex
551 1249 582 1300 et
596 1216 770 1317 propiante,
797 1225 964 1301 observat
986 1228 1021 1305 S.
1044 1228 1174 1327 Augus·

308 1346 402 1418 tinus
436 1364 652 1441 praeceptum
689 1344 782 1431 hoc,
822 1343 922 1440 quod
956 1350 1030 1417 tani
1065 1346 1172 1447 paucis
1204 1418 1209 1425 .

307 1462 427 1536 verbis
455 1460 615 1535 omnium
642 1456 843 1533 officiorum
867 1464 1100 1557 complexum
1125 1464 1173 1537 ha·
1208 1450 1211 1521 Ῐ

308 1580 389 1666 bet,
409 1556 454 1650 ad
473 1576 699 1649 dilectionem
720 1575 877 1673 proximi
894 1578 1092 1674 pertinere,
1112 1562 1175 1653 uun

311 1682 479 1768 etiamad
502 1692 595 1780 Dei,
617 1719 698 1767 cum
720 1693 790 1767 alio
811 1698 895 1768 loco
914 1696 989 1767 duo
1012 1704 1175 1795 praccepta

311 1840 387 1886 esse
420 1811 536 1899 dicat,-
569 1808 764 1909 inquibus
796 1829 871 1883 tota
900 1815 959 1883 lex
990 1814 1128 1909 pendet
1146 1828 1201 1885 et.

308 1929 505 2026 prophetae.
566 1924 720 2013 „Nam,
746 1928 864 2024 pergit
884 1925 943 2019 a),
969 1929 999 2001 si
1023 1930 1182 2017 dixisset,
1209 1948 1211 1977 ³

310 2045 429 2117 omnia
446 2054 669 2140 quaecunque
688 2041 794 2117 vultis
811 2044 889 2117 fieri
905 2045 1032 2133 vobis,
1057 2048 1135 2121 haec
1151 2062 1181 2119 et

308 2189 376 2236 vos
394 2161 515 2233 facite:
534 2163 601 2232 hac
618 2186 690 2233 una
704 2160 875 2233 sententia
893 2168 1085 2259 utrumque
1100 2160 1181 2237 illud

309 2297 527 2375 praeceptum
565 2280 773 2373 complexus
792 2284 934 2357 ,esseti
984 2280 1058 2353 cito
1097 2280 1183 2355 enim

310 2396 504 2482 diceretur,
525 2393 624 2491 diligi
643 2421 681 2465 se
697 2398 789 2467 velle
809 2421 1101 2495 unumquemque
1118 2416 1183 2471 ete

309 2510 415 2600 De0,
444 2496 548 2583 et'ab
569 2510 794 2585 hominibusi
823 2512 938 2608 itaque
962 2541 1043 2587 cum
1065 2510 1184 2589 hocei

141 2722 144 2727 Ι
307 2633 579 2727 praeciperetur,
604 2648 645 2701 ut
666 2631 765 2724 quod
784 2629 846 2699 fibi
863 2631 939 2701 fieri
959 2634 1093 2717 vellet,
1117 2632 1183 2703 hoc

220 2750 223 2755 ’
307 2749 456 2832 laceret,
478 2744 656 2839 idnutique
676 2743 943 2841 praeciperetur,
966 2732 1008 2819 ut
1026 2747 1184 2843 diligeret

308 2860 431 2933 Deum
447 2880 480 2931 et
492 2859 664 2931 homines.
702 2846 796 2930 Cum
817 2887 904 2932 vero
927 2862 1126 2959 expressius
1142 2862 1184 2935 de

256 2966 260 2975 ’
306 2975 513 3048 hominibus
531 2962 663 3046 dictum
689 2978 766 3064 esi,
790 2992 894 3049 omnia
913 3008 983 3065 ergo
1007 3006 1185 3073 quaerunque

306 3104 422 3180 atritis,
441 3116 477 3165 ut
484 3104 614 3182 faciant
630 3104 717 3166 vobis
733 3104 884 3183 homines,
905 3108 954 3167 itu
972 3104 1003 3168 εἰ
1018 3108 1185 3187 uosfacitc

305 3220 385 3282 illis:
408 3211 492 3283 nihil
506 3211 600 3283 aliud
615 3211 747 3283 dictum
764 3211 924 3300 videtur,
943 3238 1050 3307 quam
1067 3211 1186 3307 diliges

305 3327 510 3426 proximum
529 3346 628 3398 tuum
646 3324 813 3425 tanquam
831 3329 991 3425 teipsum.
1020 3328 1093 3402 Sed
1105 3352 1185 3427 'non

306 3446 528 3542 negligenter
543 3446 808 3519 adtendendum
828 3444 928 3540 quod
949 3443 1007 3516 hic
1029 3444 1188 3533 subiecit,

308 3576 366 3635 lraec
379 3585 423 3634 est
437 3575 515 3633 enim
532 3573 582 3633 lex
596 3584 627 3633 et
637 3575 803 3654 proplzern
828 3561 870 3634 In
888 3560 943 3633 his
961 3568 1082 3635 autem
1099 3564 1185 3635 duu-

306 3679 374 3751 bus
387 3678 592 3777 praeceptis,
609 3705 684 3751 nou
698 3698 834 3753 tantum
849 3679 916 3766 ait,
932 3682 990 3753 lex
1004 3680 1144 3776 pendet
1155 3696 1189 3751 et

348 3862 379 3941 a)
409 3863 446 3916 De
473 3865 550 3923 Serrn.
582 3866 616 3924 D.
644 3868 672 3921 in
696 3874 777 3922 rnonte
801 3841 845 3923 ui.
873 3862 915 3926 11.
943 3858 969 3921 η’.
997 3856 1041 3934 7ςζ
1074 3864 1107 3922 Τ.
1133 3858 1191 3921 111.

391 3945 425 4006 Ρ.
450 3944 491 4004 11.
510 3960 538 4017 p.
563 3960 626 4016 πει.-
