2438 4566
237 286 262 350 ‚3
267 289 292 352 4
563 245 795 308 Μ

100 406 214 471 CAPUT
242 413 518 513 daemonurgiam
549 435 629 485 cum
663 412 959 511 thaumaturgiam
988 413 1118 502 illusi0÷

88 530 217 584 XXXW·
241 558 302 604 nes
334 557 372 603 ac
403 529 616 628 praestigias:
649 531 827 626 bonaeque
859 558 970 606 causae
1000 527 1133 631 perinss'

89 646 284 723 V'l.‘'”‘de
316 649 402 720 olim
429 647 572 719 nimiam
598 634 845 721 credulitatem
869 649 1050 738 obluisse,
1077 670 1123 724 ut.

122 753 124 757 ¹
176 766 178 776 ‘
237 779 334 839 nunc
361 764 585 836 incredulitas
611 762 886 858 irreligiosorum
915 767 982 839 aevi
1004 768 1119 839 nostri

236 903 272 955 et
305 905 611 978 quorumcumque
647 879 797 952 aliorum
834 908 856 954 a
887 882 959 954 fide
987 884 1119 971 ,Eccle-

234 1002 358 1095 siaque
386 997 559 1069 catholiea
586 995 807 1083 alienorum3
846 1023 938 1094 quos
964 1017 1004 1072 ut
1029 999 1116 1074 nihil

235 1118 350 1201 ade0‚
378 1139 482 1209 quam
504 1113 577 1183 haec
599 1112 722 1184 divina
744 1114 953 1210 constringit
969 1115 1013 1186 in⁴
1029 1141 1116 1189 vera

138 1300 148 1313 ,
235 1230 393 1306 Ecclesia
419 1228 559 1315 relicta,
585 1248 861 1326 constanterque
887 1235 1024 1330 r‘etenta
1049 1241 1128 1329 poi

221 1368 359 1434 ¹testas,
386 1347 433 1418 ita
457 1347 600 1417 adeam
622 1346 878 1419 obfuscandam
904 1374 1116 1445 oppugnan-

234 1447 386 1562 damque
407 1462 492 1535 nihil
516 1489 590 1534 non
610 1460 814 1535 moliuntur.
855 1464 903 1552 Et
921 1463 997 1542 his.
1018 1467 1115 1562 proh

165 1645 167 1654 .
233 1584 364 1656 dolor!
400 1580 509 1653 hodie
539 1569 714 1652 in'rebus
745 1579 873 1667 divinis
904 1606 946 1653 ac
974 1583 1116 1679 religio·

230 1680 299 1787 sis,
338 1699 505 1794 sphaeram
535 1715 748 1792 captumque
773 1698 1021 1793 superantibus
1050 1700 1117 1770 hu·

232 1842 393 1900 manum,
420 1812 549 1910 passim
573 1837 693 1885 aurem
727 1814 888 1908 praebent
918 1815 1119 1910 degeneres

134 1962 153 1969 ¹·
233 1930 400 2006 Ecclesiae
425 1930 506 2017 lilii,
535 1927 767 2002 fibi-suffeni:
807 1931 852 2002 de
879 1932 1014 2027 ,quibus
1046 1959 1118 2005 nos

230 2069 351 2124 cautos
391 2072 464 2119 esse
494 2050 687 2119 voluerunt
712 2047 867 2143 apostoli
899 2075 920 2119 a
953 2049 985 2127 S.
1021 2049 1116 2124 luda

233 2167 272 2239 in
305 2164 464 2261 Epistola
499 2162 686 2239 Catholica
717 2163 855 2250 notati,
896 2186 933 2235 uc
968 2193 1117 2238 memores

224 2285 322 2372 fianus
345 2291 524 2366 verborum,
551 2307 614 2371 pua
629 2292 779 2370 predicta
790 2290 871 2368 sunt
894 2290 934 2351 ab
948 2294 1117 2372 ‚Apostoli

234 2409 360 2472 Domini
385 2411 480 2469 nostri
498 2407 576 2479 ,Iesu
606 2407 736 2486 Christi,
763 2410 818 2489 qui
841 2406 980 2468 dicebant
1000 2409 1115 2487 nobis,

135 2601 137 2604 Ι
232 2525 379 2610 quomam
407 2527 440 2584 in
464 2525 629 2584 novissimo
650 2536 784 2604 tempore
811 2525 935 2585 venient
954 2523 1115 2604 illusores,

220 2642 390 2722 strandum
420 2641 570 2702 desideria
579 2638 647 2715 suo
671 2640 861 2700 ambulantes
886 2642 919 2699 in
942 2634 1115 2721 impietati·

148 2730 154 2740 ⁴
230 2758 296 2821 bus.
324 2754 469 2833 nisan,
492 2757 546 2835 qui
553 2752 720 2831 segregant
723 2753 924 2837 semetpsos,
943 2759 1114 2847 amalraus,

218 2873 373 2955 spiritum
396 2887 455 2930 non
476 2868 627 2931 laedentes.
755 2937 758 2941 ¹
1104 2885 1106 2890 ·
1146 2845 1151 2850 ¹

299 3094 439 3171 Horum
459 3120 506 3172 ex
527 3119 676 3175 numero
694 3101 781 3175 novi
800 3098 909 3175 hodie
928 3096 1115 3189 Sadducaei

231 3213 436 3312 cumprimis
475 3212 612 3288 ‘censeri
649 3240 849 3307 merentur,
885 3219 955 3314 qni,
977 3219 1111 3317 seipsos

231 3334 532 3418 dehonestantes,
578 3316 804 3431 divinamque
848 3363 866 3408 e
906 3336 996 3408 flatu
1038 3331 1112 3407 Dei

229 3450 424 3546 originem,
460 3450 558 3543 quod
589 3471 641 3524 est
670 3451 844 3548 spirituale
870 3451 907 3533 in
934 3453 1112 3539 homine,

232 3568 391 3638 unimam*
411 3568 643 3646 immortalem
669 3569 905 3664 abnegantes,
934 3596 1012 3642 non
1043 3565 1112 3641 nisi

231 3682 380 3753 animale
404 3704 484 3752 eum
508 3682 621 3771 brutis
645 3708 834 3757 commune
855 3685 893 3755 in
920 3710 958 3756 se
985 3709 1111 3782 agnos·

128 3817 135 3836 ·
232 3817 332 3897 cunt¹
371 3796 606 3895 Quapropter
623 3810 757 3874 astutus
783 3803 923 3872 daemon
944 3803 1010 3887 luo
1031 3824 1110 3900 pro·

24 3874 341 4256 xventu
364 3913 568 4003 inducitur,
606 3936 646 3989 ut
671 3943 708 3991 se
737 3919 778 3992 in‘
807 3918 1018 4016 corporibus
1047 3920 1108 3991 hu·
1148 3954 1157 3961 ·
