2574 4682
38 502 289 583 opportunam:
326 495 416 579 Quod
434 499 534 558 minus
554 471 622 574 esi,
649 483 785 582 inquit,
812 500 908 594 omni}
932 478 1050 552 ΟΜΝ·

47 617 90 677 Irus
106 612 274 691 seminibus
285 644 297 687 5
324 631 393 676 cum
423 626 528 676 uatem
554 615 709 690 creverit,
735 615 837 676 maim
865 625 909 676 est
940 601 1038 668 LXW·

47 730 164 795 omnibus
190 729 342 805 oleribus,
378 739 410 790 tt
424 726 466 804 fit
489 730 600 806 arbor,
626 733 676 792 ita
705 742 742 791 ut
770 729 910 794 volucres
926 718 1068 784 Ἥ

48 847 97 906 celi
113 849 260 922 ueniant,
289 857 321 908 et
341 846 375 905 in
396 846 493 906 ramis
513 847 577 906 eius
601 845 747 908 habitent.
801 837 911 932 Mag.

47 951 198 1030 nitudiuis
234 949 328 1022 enim
365 949 535 1032 indicium
570 952 745 1034 declarare
778 955 907 1028 voluit.

49 1067 104 1152 Sic,
127 1067 265 1164 iuquit,
293 1088 329 1142 et
349 1067 386 1137 in
411 1068 661 1164 praedicatione
686 1069 758 1148 erit.
810 1069 935 1143 Nam·

48 1183 187 1256 omnium
221 1183 453 1258 infirmissimi
481 1205 579 1258 erant
608 1185 794 1283 discipuli,
833 1213 909 1258 om-

45 1301 194 1398 niumque
217 1300 364 1376 minimi.
416 1299 584 1374 Attamen
612 1302 695 1396 quia
720 1327 847 1397 magna
867 1303 906 1380 iu

46 1418 115 1513 ipsis
136 1420 253 1493 virtus
282 1437 378 1504 erat,
407 1443 471 1514 per
502 1436 617 1496 totum
647 1417 771 1490 orbem
798 1419 907 1494 effusa

48 1554 94 1607 est
151 1535 301 1608 Deinde
329 1534 394 1612 sub
422 1535 489 1622 hac
516 1532 669 1629 imagine
694 1535 905 1610 fermentum

47 1652 165 1747 posuit,
192 1652 337 1725 dicens:
365 1661 469 1725 Simile
487 1674 533 1728 est
550 1679 674 1738 regnum
693 1661 833 1748 celorum
841 1661 908 1740 fer.

49 1792 145 1856 mento,
165 1780 253 1863 quod
270 1790 427 1859 acceptum
446 1779 554 1839 mulier
571 1777 728 1842 abscondit
748 1781 781 1848 iri
794 1777 909 1856 surina

40 1894 105 1972 sotis
120 1896 238 1971 tribus,
261 1897 353 1964 donec
364 1893 587 1972 fermentatum
607 1908 654 1957 est
672 1907 783 1960 totum.
812 1884 909 1958 Sicut

49 2003 122 2074 enim
152 2005 367 2082 fermentum
402 2005 520 2080 multae
553 2002 672 2076 farinae
706 2001 779 2074 vim
809 2004 907 2074 suam

51 2117 139 2205 indit3
166 2121 216 2192 sic
241 2138 277 2192 et
299 2144 365 2190 vos
388 2138 502 2200 totum
524 2121 698 2202 mundum
723 2139 908 2193 converte„

50 2233 90 2305 tis.
131 2238 179 2310 Et
204 2236 289 2310 vide
311 2235 555 2332 prudentiam!
584 2257 714 2316 naturae
736 2237 908 2333 imagines

50 2355 145 2441 affert,
170 2380 248 2450 quo
272 2353 457 2438 ostendat,
475 2373 521 2444 lut
540 2355 614 2432 haec
635 2355 828 2436 seeundum
849 2381 910 2426 na,

49 2474 172 2544 turalom
200 2497 317 2544 rerum
343 2469 467 2542 seriem
496 2469 692 2548 necessario
719 2469 766 2548 ita
790 2470 906 2556 fiunt,

48 2585 84 2658 stc
104 2609 134 2662 et
156 2591 234 2664 ista.
298 2587 359 2666 Ne
381 2585 466 2657 mihi
489 2584 640 2672 dixeriS,
676 2584 763 2679 quid
783 2585 912 2680 poteri·

50 2728 109 2782 mus
129 2705 320 2781 duodecim
342 2702 507 2784 homines
533 2704 569 2774 in
598 2712 728 2774 tantam
755 2701 908 2784 multitu«

50 2818 146 2902 dinem
178 2822 409 2904 incidentes?
448 2821 544 2894 Nam
570 2820 722 2919 idipsum
752 2818 906 2900 maxime

50 2935 194 3014 virtutem
216 2960 367 3018 vestram
392 2940 613 3036 splendidam
635 2938 775 3026 reddit,
792 2923 906 3033 ¹quod

50 3056 247 3130 multitudini
282 3054 430 3128 admixti
456 3081 531 3127 non
559 3055 709 3150 fugiatis.
774 3054 908 3146 Quem-

50 3169 225 3255 admodum
253 3193 289 3246 et
311 3174 523 3252 fermentum
553 3176 813 3248 tunc'massam
843 3173 908 3244 fer,
940 3181 947 3203 '

50 3310 179 3380 mentat,
203 3317 285 3367 tum
302 3290 420 3362 farinae
440 3291 658 3370 admovetur.
697 3287 778 3362 Nee
794 3291 905 3364 modo

50 3403 260 3494 admovetur,
282 3407 409 3480 sedita
430 3427 470 3478 ut
488 3405 690 3495 misceatur5
712 3433 788 3480 non
810 3408 906 3482 enim

50 3517 232 3620 simpliciter
250 3524 357 3612 dixit,
376 3523 513 3623 posuit,
530 3524 591 3602 sed
609 3535 773 3612 abscondit.
802 3525 857 3596 Sic
871 3543 908 3608 et

50 3658 102 3711 vos
118 3639 324 3738 agglutinati
341 3660 376 3722 et
393 3641 500 3716 iuncti
518 3669 596 3718 euro
614 3641 906 3740 impugnantibus

50 3773 117 3846 vos,
135 3760 230 3856 ipsos
244 3755 460 3856 superabitis.
487 3760 536 3841 Et
549 3761 634 3832 sicut
645 3759 732 3838 illud
746 3756 906 3838 obruitur

51 3864 212 3964 inmissa,
229 3878 375 3948 sednon
390 3877 565 3974 perditur,
585 3876 826 3972 [edpaulatim
840 3876 908 3951 toti

52 4013 151 4078 massae
161 3996 233 4070 vim
246 3973 340 4068 iuam
351 3993 459 4084 indit,
474 3994 627 4094 idipsum
641 3977 677 4074 iu
689 3993 907 4092 praedicatio·
