2438 4566
96 313 107 357 t
411 270 644 334 *mm-..¹¹¹

892 296 967 375 397

86 457 198 531 quam
223 453 268 503 ex
285 424 358 504 hoe
381 431 464 502 loco
485 427 661 502 faciebant
684 423 806 502 Ariani
827 454 873 502 ex
891 457 972 527 pro·
998 427 1111 487 Gfflffl

85 553 186 626 fesso
214 547 315 620 diluit
341 547 372 618 S.
398 547 571 619 Hilarius:
608 547 693 632 „lta
718 568 854 633 autem,
880 547 972 624 inter
1019 546 1095 604 ⁶1¹¹·

87 664 158 742 alia
180 664 298 739 scribit
322 659 381 753 a),
409 661 524 757 arguit
544 689 581 734 se
604 663 811 759 magistrum
834 664 973 736 bonnm
989 666 1133 729 *ΛΝ

91 785 183 870 dici,
214 802 255 859 ut
283 781 393 852 fidem
421 780 669 874 interrogantis
693 779 832 876 p'otius,
867 796 990 877 quam¹
1214 764 1218 775 ’

92 905 152 978 vel
178 896 336 994 magistri
359 896 396 966 in
420 922 475 981 se,
502 898 561 968 vel
582 895 669 967 boni
695 922 829 969 nomen
852 922 977 992 argue·

91 1039 158 1090 ret.
210 1014 355 1088 Juvenis
384 1011 476 1084 enim
507 1011 665 1084 insolens
693 1039 758 1108 per
783 1014 975 1087 observari·

92 1135 178 1207 tiam
212 1131 324 1226 legis,
361 1149 397 1202 et
425 1130 535 1202 finem
568 1129 680 1224 legis,
716 1129 779 1224 qni
811 1130 975 1206 Christus

94 1270 150 1324 est
170 1248 348 1333 nesciens,
377 1266 411 1317 et
434 1244 657 1317 iustificatum
681 1273 717 1318 se
737 1248 777 1337 ,io
804 1248 975 1344 operibus

94 1366 318 1449 existimans,
347 1383 382 1434 et
404 1387 479 1433 non
503 1360 702 1456 intelligens
723 1364 864 1437 venisse
892 1393 974 1440 eum

53 1483 63 1495 ”
95 1472 144 1557 ad
171 1507 257 1554 oves
280 1479 434 1576 perditas
455 1478 584 1550 domus
607 1478 734 1565 lsrael,
763 1498 798 1551 et
817 1478 976 1578 impossi-

95 1580 172 1673 bile
204 1624 279 1670 esse
304 1595 375 1691 legi
403 1620 467 1692 per
497 1596 605 1681 fidem
632 1595 889 1670 iustificationis
914 1602 976 1672 sal·

94 1742 184 1791 vare
208 1715 412 1799 credentes,
441 1733 608 1807 tanquam
627 1715 870 1787 communium
891 1741 977 1811 prae·

97 1851 307 1927 ceptorum,
335 1850 370 1901 et
389 1829 425 1899 in
445 1833 523 1924 lege
541 1830 749 1926 scriptorum
770 1832 977 1928 magistrum

95 1951 294 2042 interrogat
319 1945 521 2018 Dominum
545 1947 657 2042 legis,
695 1969 730 2020 et
756 1949 979 2046 unigenitum

98 2065 236 2138 Deum.
300 2062 508 2136 Detestatus
534 2064 651 2159 itaque
678 2063 859 2138 Dominus
884 2069 979 2141 hinc

100 2184 148 2254 de
177 2208 214 2252 se
240 2179 440 2275 irreligiosae
464 2181 549 2252 fidei
571 2183 850 2278 professionem,
879 2170 982 2279 quod

99 2319 273 2393 tanquam
299 2298 462 2392 magister
492 2298 579 2393 legis
603 2299 897 2394 interrogaretur,
917 2327 983 2374 ,τὸ

100 2415 269 2512 spondit:
296 2425 379 2506 Quid
396 2443 443 2486 me
461 2443 556 2485 vocas
579 2425 715 2488 bonum?
741 2436 846 2510 atque
860 2417 983 2513 utsrg-

102 2534 288 2618 nificaret,
324 2551 496 2627 quatenus
531 2531 782 2625 intelligendus
813 2553 848 2603 et
877 2536 985 2632 proli-
1050 2578 1054 2584 -

82 2651 236 2724 'tendus
266 2649 384 2720 bonus
415 2667 528 2733 esset;
544 2727 547 2732 A
564 2648 733 2720 subiecit:
773 2658 867 2720 Nemo
891 2661 988 2723 bonus

103 2780 167 2840 nisi
191 2796 268 2837 rinus
291 2775 398 2836 Dens:
434 2790 508 2837 non
533 2790 703 2861 respuens
731 2764 899 2838 bonitatis
925 2795 988 2851 no·

104 2911 216 2970 men,
251 2881 279 2954 si
306 2880 370 2954 sibi
393 2882 463 2953 hoc
494 2902 661 2977 tanquam
687 2881 773 2954 Deo
805 2883 991 2980 deputare·

106 3024 176 3076 tur.
187 3004 209 3039 “
260 3001 346 3094 Leg.
370 2998 401 3069 S.
426 2996 669 3092 Augustinum
690 2998 726 3068 in
751 2999 808 3071 Ps.
832 3000 995 3078 CXVII,

112 3126 304 3205 confitemini
332 3124 487 3202 Domino,
515 3125 662 3206 quoniam
684 3124 789 3185 bonus.
849 3116 899 3190 T.
928 3118 996 3200 lv,

107 3262 147 3335 p.
180 3257 286 3320 1273.
308 3252 377 3341 ¹etc.

146 3392 178 3465 a)
196 3397 254 3455 lit.
273 3394 330 3453 IX·
348 3394 379 3450 de
400 3391 498 3449 Trinir.
516 3410 544 3448 n.
565 3405 607 3459 ις.
626 3402 674 3450 ete.
691 3406 718 3464 p.
739 3410 800 3466 994.
