2438 4566
245 301 294 371 60
564 267 863 352 ''-''·-··-''·-·-'-²⁰

103 438 220 505 ΘΗΜ
247 448 391 520 demum
414 441 460 519 ad
481 438 569 518 illud
590 442 716 516 Psahn.
740 440 926 519 XXXVI.
954 439 1011 516 11ss
1030 441 1125 518 delass

88 558 226 619 XXX1X·
247 562 363 636 bitur:
389 568 549 664 Mansueti
562 581 666 632 autern
682 570 903 633 hereditabunt
920 582 1050 635 terram.
1083 561 1121 634 A

88 674 231 737 *N*
245 705 329 776 rege
357 677 482 751 David
512 676 656 773 regibus
693 696 729 748 et
760 676 987 774 principibus
1019 695 1119 751 terne

244 795 512 895 possessoribus
534 795 605 866 hoc
630 794 780 867 dicitur:
815 803 919 867 Donec
938 816 1119 882 cognoscant

245 928 411 1000 niventes,
440 923 587 1005 quoro'arn
612 921 788 983 dominatur
805 921 952 985 Excelsus
966 925 1010 984 ‘in
1035 941 1124 1000 regno

246 1040 424 1116 hominum,
452 1051 483 1100 et
497 1041 662 1121 cuicunque
677 1037 834 1116 voluerit,
861 1038 950 1101 dabit
966 1039 1068 1117 illud,
1092 1051 1123 1104 et

244 1155 449 1217 humillimum
466 1128 616 1215 nominem
635 1155 800 1216 constituet
806 1152 905 1235 super
920 1173 1000 1218 tuns.
1035 1145 1121 1220 Haec

244 1264 327 1345 sunt
349 1262 427 1359 ipsa
449 1258 613 1333 Danielis
626 1258 690 1332 IV.
710 1284 764 1348 14
791 1261 837 1332 ad
857 1286 978 1357 regem
998 1248 1122 1338 Nabuss

245 1379 479 1454 chodonosor
495 1377 607 1454 verba
619 1403 706 1449 mox
721 1376 852 1450 throno
871 1377 1121 1455 deiiciendum.

245 1495 363 1590 Quod
394 1495 622 1593 etdeinceps
649 1520 749 1590 reges
773 1512 872 1568 terrae
898 1497 1053 1592 superbe
1076 1498 1123 1569 fe·

244 1614 422 1687 rocientes
446 1614 527 1686 sunt
552 1611 710 1708 experti,
743 1637 895 1708 quorum
922 1615 1123 1712 praecipuo

245 1758 324 1805 rum
351 1753 541 1825 regnorum
567 1753 633 1824 per
654 1729 799 1800 statuam
822 1729 1121 1805 Nabuchodono-

245 1874 306 1920 sor
330 1847 368 1918 in
395 1843 533 1918 somnio
557 1864 884 1940 sepraesentntorum
906 1848 977 1920 fau
998 1868 1037 1921 et
1057 1848 1122 1921 sui·

244 1990 307 2036 nas
328 1962 422 2035 idem
445 1960 622 2058 propheta
645 1963 871 2058 prosequitur
893 1959 945 2053 a).
1006 1965 1122 2038 Gene-

244 2082 346 2153 ratim
376 2082 471 2153 v‘eso.
492 2077 629 2174 sapiens
658 2079 770 2151 Eccli.
798 2080 846 2151 X.
873 2090 929 2158 8.=
963 2090 1122 2187 Regnum,

244 2196 381 2292 inquit,
416 2223 439 2265 a
463 2216 552 2280 gente
581 2207 615 2266 in
637 2217 757 2280 gentem
783 2207 970 2285 transfertur
993 2221 1123 2291 propter

243 2324 437 2399 iniustitias,
468 2332 499 2410 et
523 2323 677 2398 iniurias,
709 2333 741 2384 et
769 2323 991 2402 contumelias,
1022 2337 1055 2388 et
1079 2327 1123 2388 di·

244 2457 350 2502 versos
374 2439 468 2502 dolos.
537 2428 763 2526 Propiusque
778 2431 839 2501 nd
871 2457 946 2515 rem
971 2418 1063 2505 niox
1087 2461 1122 2508 v.

247 2573 261 2620 ἰ
271 2571 305 2636 7.
328 2546 478 2644 legitur:
506 2539 595 2618 Sedes
617 2556 728 2616 ducum
740 2555 944 2638 superborum
968 2558 1123 2621 destruxit

244 2674 355 2753 Deus,
392 2685 422 2737 et
440 2674 550 2753 fidere
569 2671 651 2751 fecit
680 2675 770 2734 mites
789 2691 852 2754 pro
881 2676 950 2738 eise
996 2675 1123 2740 Radices

239 2795 379 2869 gentium
391 2790 599 2872 superbarum
623 2786 750 2866 arefecit
776 2788 883 2868 Deus,
910 2803 941 2853 et
959 2792 1124 2873 plantavit

243 2905 377 2988 humiles,
399 2921 439 2966 ex
464 2907 540 2984 ipsis
560 2904 713 2980 gentibus.
769 2895 871 2990 Quid
900 2898 973 2970 hoc
1002 2900 1121 2989 aliud,

242 3037 350 3110 quam
380 3011 485 3108 ‘quod
517 3010 680 3114 Christus
717 3013 762 3085 ad
797 3017 981 3111 apostolos
1015 3018 1119 3106 suos,

242 3155 335 3227 quos
369 3130 415 3201 ad
447 3129 736 3204 constituendum
769 3132 868 3203 suum
900 3148 1055 3228 regnum
1083 3133 1117 3209 ia

243 3248 344 3323 terris
366 3249 549 3345 praesentis
566 3247 737 3344 temporis
757 3247 954 3322 Ecclesiam
973 3252 1069 3324 misit
1084 3251 1119 3323 io

244 3366 448 3440 universum
469 3364 666 3453 mundum,
693 3366 763 3438 ait:
780 3375 889 3450 ‘Reges
906 3379 1048 3451 gentium
1069 3380 1119 3442 clo

240 3499 400 3557 minantur
419 3510 523 3558 eorum
544 3503 602 3554 etc.
625 3510 684 3554 nos
705 3503 809 3553 autern
830 3490 890 3552 non
904 3489 973 3570 stc,
989 3494 1055 3572 sed
1069 3482 1121 3578 q'ui

240 3613 341 3672 rnaior
357 3622 404 3676 est
424 3596 503 3672 inter
523 3625 601 3687 oos,
619 3604 779 3686 fiatficut
798 3611 897 3670 minor
915 3621 971 3671 etc.
1014 3600 1120 3673 Unde

129 3784 132 3790 .
242 3743 303 3791 eos
330 3743 351 3789 a
378 3744 415 3791 se
442 3715 745 3790 discere-voluit:
781 3725 864 3809 Quia
888 3727 974 3787 mitis
988 3726 1066 3804 sum
1090 3737 1120 3789 et

240 3843 364 3937 humilis
390 3845 502 3912 corde.-
537 3859 627 3930 quos
656 3833 748 3913 misit
762 3839 846 3922 ficut
869 3859 942 3912 aves
964 3845 1002 3912 in
1023 3845 1119 3908 medio

286 3983 316 4060 a)
339 3984 404 4044 orn.
430 3983 470 4049 H·
553 3996 555 4001 '
