2438 4566
335 256 344 281 ⁸
414 271 649 307 ''¹''-
800 277 804 283 ’
899 270 971 375 1²05

87 424 299 529 apostolicis
315 444 353 501 et
375 426 431 501 SS.
452 429 626 504 Patribus.
678 430 735 505 Sic
756 429 788 505 S.
810 429 975 531 Polycar-
1000 433 1118 499 Grau*

87 574 159 647 pus
186 546 221 619 S.
246 546 391 619 ioannis
418 547 613 645 discipulus
636 548 674 620 in
692 549 806 647 Epist.
829 551 875 621 ad
895 551 975 629 Phi·
1002 551 1117 612 XLVH·

89 666 296 767 lippenses,
321 652 343 752 ,‚
353 664 383 737 si
404 665 516 759 ergo,
530 666 646 760 inquit
663 664 719 758 a),
744 670 978 773 depreeamur
997 666 1138 737 ΜΝ

91 780 320 881 Dominum,
346 800 386 853 ut
414 781 520 877 nobis
546 782 716 873 dimittat,
744 785 916 870 debemus
943 806 979 859 et

94 924 163 973 nos
193 897 384 993 dimittere,
459 898 554 993 Nam
586 926 706 972 coram
745 899 898 998 Domini
938 927 980 975 ac

99 1014 172 1089 Dei
194 1015 311 1101 oculis
340 1017 482 1104 sumus,
520 1036 555 1089 et
586 1043 712 1119 omnes
739 1045 805 1116 nos
836 1037 981 1115 oportet

97 1132 185 1235 stare
212 1151 297 1234 ante
324 1133 479 1230 tribunal
508 1133 662 1223 Christi,
691 1154 727 1229 et
747 1161 982 1231 unumquem-

62 1320 66 1325 .
98 1275 168 1347 que
203 1274 349 1352 prose
380 1251 556 1322 rationem
588 1253 783 1347 redderef‘.
859 1251 982 1347 Nemo

100 1365 318 1464 frequentius
357 1366 611 1462 dissertiusque
648 1369 721 1440 hoc
759 1369 914 1440 inculcat
948 1368 981 1440 S.

60 1468 67 1473 ’
103 1482 288 1581 Cypriano
318 1484 378 1554 M.
409 1483 447 1554 in
473 1483 565 1557 libro
595 1485 641 1555 de
672 1503 759 1580 orat,
787 1483 984 1559 Dominica

56 1648 58 1697 3
107 1600 149 1671 ad
169 1602 266 1673 hanc
290 1599 520 1697 petitionem,
549 1600 742 1698 „adiunxit
765 1605 889 1696 plane,
917 1601 984 1690 ait,

56 1736 139 1825 '3⁰1
157 1716 300 1811 addidit
322 1721 461 1812 legem,
499 1737 594 1789 certa
620 1745 687 1791 nos
716 1718 925 1791 conditione
951 1735 988 1789 et

56 1808 299 1935 ᾖ-ῐροιιεῇοιιε
318 1835 584 1931 constringe-ns,
611 1855 651 1908 ut
669 1836 714 1908 fic
733 1835 837 1908 nobis
859 1833 989 1906 dimitti

56 1880 63 1996 i
108 1952 226 2041 debita
251 1955 492 2050 postulemus,
520 1954 715 2025 secundum
738 1955 838 2049 quod
861 1973 898 2025 et
921 1951 990 2065 ipsi

108 2044 329 2169 debitoribus
350 2069 480 2167 nostris
503 2069 728 2167 dimittimus:
755 2069 936 2143 seientes
926 2096 989 2139 rm·

108 2187 235 2283 perrari
256 2212 333 2257 non
355 2213 479 2282 posse,
508 2188 608 2316 quod
633 2215 700 2283 pro
723 2187 878 2285 peccatis¹
903 2186 990 2283 peti·
1054 2284 1057 2289 ι

67 2370 70 2376 .
109 2330 206 2392 mus,
252 2302 321 2374 nisi
353 2324 387 2376 et
416 2303 485 2400 ipsi
513 2304 606 2391 eirca
635 2304 816 2387 debitores
845 2324 989 2376 nostros
1099 2364 1103 2370 .

66 2487 70 2493 .
111 2421 240 2522 paria
230 2419 462 2517 fecerimus
439 2423 460 2457 “
512 2420 567 2491 Sic
592 2420 651 2492 ille
678 2418 846 2517 deinceps
872 2421 992 2491 adhuc

110 2536 319 2635 testimoniis
350 2556 385 2638 et
417 2537 604 2633 exemplis'
620 2536 833 2632 evangelicis
864 2536 993 2609 confir·

110 2674 179 2727 mat
209 2681 297 2727 rem.
370 2653 508 2726 Saeculo
542 2652 608 2753 IV,
641 2676 730 2726 vero
770 2653 801 2724 S.
838 2651 994 2749 Jacobus

112 2770 306 2845 Nisibenus
335 2770 442 2843 Serm.
472 2771 517 2842 de
545 2769 707 2844 oratione
733 2768 781 2863 i).
843 2771 995 2859 „Orant

113 2891 258 2987 quidem
287 2888 415 2984 aliqui,
441 2887 576 2986 inquit,
604 2890 766 2962 oratione
797 2915 903 2985 quam
931 2890 995 2959 do·

117 3008 182 3081 cuit
209 3006 395 3108 Dominus
426 3025 573 3077 noster:
619 3016 752 3079 Dimitte
781 3018 865 3103 nobis
892 3016 997 3077 debito

113 3129 334 3213 nostra,ficut
350 3146 381 3196 et
397 3152 451 3195 nos
470 3133 655 3195 dimittimus
673 3133 857 3207 debitoribus
874 3135 997 3195 nostris.

114 3240 233 3339 Oqui
254 3241 301 3313 fic
320 3265 420 3328 oras
448 3258 646 3328 memento,
673 3241 819 3336 quando
843 3240 998 3312 hostiam

113 3358 257 3432 offers
246 3386 285 3429 1n
308 3378 504 3471 conspeetu
527 3357 624 3443 Dei;
651 3359 758 3446 vide,
786 3384 831 3429 ne
858 3357 1000 3429 erubes-

114 3496 193 3566 cat,
239 3476 303 3572 qui
339 3446 443 3549 offeit
482 3475 682 3548 orationem
723 3495 846 3562 tuam,
885 3472 1000 3545 veluti

114 3593 322 3667 sacrificium
338 3593 625 3690 coinquinatum.
672 3592 737 3666 Tu
761 3618 839 3664 oras
862 3589 998 3677 Deum,

118 3732 156 3787 ut
180 3709 337 3784 dimittat
364 3709 450 3813 tigri,
485 3730 520 3784 et
545 3710 743 3809 profiteris,
771 3709 872 3805 quod
901 3728 937 3783 et
960 3727 1000 3781 tu

156 3896 187 3975 a)
208 3874 300 3952 Num(
318 3899 343 3954 6.
388 3895 461 3952 Rom.
488 3895 538 3952 Vl.
566 3911 606 3950 η.
636 3909 678 3960 14.

202 3983 233 4058 b)
261 3979 331 4038 But
354 3978 412 4035 1²1².
440 3980 471 4037 Γ.
498 3979 531 4037 V.
552 3993 578 4052 p.
604 3978 697 4036 XXX.
754 3970 759 3997 ‘
