2438 4566
302 300 371 380 142
440 276 452 286 ’
628 328 863 343 ---

163 436 280 508 CAPUT
297 444 387 516 bant
408 438 608 526 Christum,
633 440 781 534 e'oquod
805 463 842 511 se
861 426 980 515 filium'
997 426 1073 516 Dei
1096 448 1177 521 esses

186 566 257 625 Lvl.
296 563 500 661 professus,
535 556 732 630 admodum
765 557 970 633 sollicitatus
1002 560 1050 633 ab'
1077 560 1176 660 ipsisr
1207 598 1209 605 ·

144 682 406 766 Wvdum,
433 696 520 773 post
541 673 676 748 caecum
699 690 822 746 natum
846 676 899 751 soa
924 677 993 752 IX.
1014 673 1176 753 illumina
1207 746 1209 783 ἶ

245 866 253 875 ,
288 793 391 882 'turm
420 796 466 865 ad
477 794 623 891 (gestum
653 789 896 867 encaeniorum
927 795 1175 871 ambularetis
1206 798 1209 873 l

293 914 430 1009 templo
464 910 503 981 in
533 907 678 1005 porticu
716 908 916 984 Salomonis
952 911 1008 985 Jo.
1038 913 1092 986 X.
1124 924 1174 991 aar
1204 934 1209 1001 ³,

298 1038 564 1102 Circumdederunt
587 1051 657 1111 ergo
681 1053 749 1097 eum
772 1034 890 1116 Jndni,
915 1049 948 1101 et
970 1040 1172 1105 dicebantur

294 1158 460 1241 Quousque
481 1157 617 1215 enimam
638 1164 778 1213 nostram
800 1152 909 1216 tollis?
935 1154 970 1217 Si
992 1168 1029 1218 tu
1049 1176 1082 1221 es
1104 1151 1172 1219 ent

291 1287 384 1350 stus,
419 1261 469 1333 dle
498 1272 583 1332 nobis
605 1269 728 1350 pelam.
796 1269 963 1353 Respondit
993 1275 1038 1336 eir
1066 1274 1170 1347 deensi

291 1391 418 1473 Loqzror
439 1389 545 1468 nobis,
573 1400 604 1449 et
624 1404 684 1448 non
700 1388 848 1449 creditis.-
898 1398 1013 1470 opera,
1038 1406 1104 1473 qua
1125 1394 1169 1469 ego

283 1508 378 1589 jocio
411 1511 445 1568 in
476 1508 597 1568 nomine
626 1504 733 1568 Patris
763 1507 846 1586 mei,
883 1505 945 1571 hec.
973 1509 1172 1571 testimonum

286 1626 452 1710 perhibent
472 1624 509 1686 de
535 1642 593 1688 nret
695 1610 698 1616 ⁵

367 1848 411 1920 In
432 1858 628 1944 conspectu
652 1842 860 1951 ludaeorum
884 1857 1022 1946 patrata
1043 1848 1169 1923 suntet

289 1965 460 2038 miracula·
482 1990 546 2061 per
570 1981 681 2036 totam
706 1961 884 2053 ludam,
912 1991 1019 2061 quam
1038 1988 1196 2059 pertrui.

289 2096 364 2170 siit,
392 2095 432 2155 ‘ut
453 2081 550 2155 testis
576 2079 835 2154 oculatissimus
858 2082 891 2154 S.
913 2082 1043 2156 Petrus
1066 2084 1170 2157 deco

288 2213 437 2273 testatus
462 2217 514 2271 est
535 2217 623 2294 post
645 2198 757 2295 ipsius
782 2213 936 2274 mortem
958 2200 1108 2291 ludaeis,
1128 2210 1170 2273 ba

288 2327 489 2407 effutiendo,
526 2338 558 2389 er
574 2324 721 2405 sanando
751 2345 852 2390 ornnes
880 2335 1040 2409 oppressos
1065 2347 1088 2391 a
1111 2328 1174 2391 eta«

286 2444 356 2506 bole
378 2432 427 2526 a).
473 2433 544 2506 Sed
565 2433 632 2531 ipsi
656 2436 800 2509 adhaec
821 2436 942 2507 omnia
962 2437 1051 2510 cae'ci
1071 2450 1173 2525 erant,

287 2552 373 2650 quia
388 2552 427 2624 in
449 2551 596 2624 Christo
617 2578 694 2623 eam
715 2572 791 2625 non
809 2552 1053 2650 reperiebant,
1072 2578 1174 2652 quam

286 2670 327 2742 in
356 2670 498 2743 Messia
532 2668 804 2756 desiderabant,
839 2670 1046 2743 saecularem
1077 2694 1175 2769 pom·¹
1207 2732 1209 2737 .

286 2810 400 2883 pam,
436 2786 641 2882 regiamque
668 2783 868 2880 potentiam
898 2788 945 2859 ad
974 2788 1175 2863 ablatuma

286 2901 465 2974 Romanis
485 2904 660 2996 sceptrum
681 2901 780 2975 Judae
801 2903 1080 2995 restituendum,
1102 2900 1200 3005 reg-'⁵

284 3042 443 3113 numque
462 3016 569 3089 Israel
590 3045 654 3114 per
671 3021 796 3095 orbem
816 3021 1098 3099 instaurandum
1124 3024 1178 3101 Ar

241 3154 246 3163 ·
287 3134 451 3208 Christus
488 3134 619 3208 loanni
658 3137 869 3217 denunciari
910 3141 1053 3231 voluit,
1092 3140 1174 3243 quia

278 3253 435 3350 pauperes
466 3265 731 3340 evangelizantur.
791 3254 882 3331 Non
915 3259 1099 3360 principes
1127 3261 1176 3335 sa·

284 3372 474 3446 cerdotum
499 3389 534 3443 et
554 3371 710 3446 seniores
735 3365 816 3447 illos
834 3378 983 3473 populi,
1006 3380 1072 3475 qui
1088 3380 1176 3455 dum

141 3528 164 3577 e>
283 3488 475 3564 sciscitanti
504 3489 650 3585 quidem
682 3491 821 3566 Herodi
855 3513 950 3567 recte
982 3496 1178 3594 responde·

281 3628 392 3695 runt,
433 3605 617 3681 Christum
643 3611 862 3684 nasciturum
891 3612 929 3684 in
960 3611 1177 3687 Bethlehem

283 3722 377 3797 luda
406 3720 465 3816 b),
501 3748 667 3826 perverse
698 3748 817 3802 autem
849 3743 1078 3837 acceperunt¹
1097 3730 1175 3805 Mi·

284 3841 441 3928 cheam,
473 3870 584 3938 quem
623 3847 733 3922 citant
764 3849 1011 3946 prophetam.-
1061 3859 1106 3928 Ee
1136 3869 1174 3925 trs

304 3989 357 4072 s)
379 3991 437 4055 Aer.
462 3989 500 4055 Χ.
523 4002 567 4062 ss.
656 3998 689 4079 e)
709 3998 810 4060 Manu
834 3998 878 4060 11.
902 4013 929 4073 ς.
