2594 4672
379 347 428 421 -42
455 326 458 334 ’
480 381 484 389 .
700 309 937 364 ⁸-

238 461 357 535 earu}
380 506 444 578 par
464 502 540 553 non
560 494 672 565 esset,
698 477 869 573 quamdiu
893 480 1048 578 sponsus
1071 467 1151 556 cum
1173 461 1250 586 ipsis

227 589 359 650 xxxvl·
379 617 475 673 erat:
511 596 548 669 in
573 595 727 692 seipsum
756 621 897 669 causam
927 598 1180 696 inculpabilem
1204 591 1250 684 ru·

218 702 521 800 “Wiitiens,
558 712 659 808 quod
689 737 786 784 nunc
813 739 889 786 non
918 715 1136 804 ieiunarent‚
1166 716 1262 812 'ieiu3

377 831 479 906 nium
510 829 608 903 simul
639 829 822 926 probans,
855 830 1147 928 ieiunaturosque
1171 855 1249 928 prae·

378 949 501 1020 dicens
533 947 612 1022 iore
647 971 733 1033 eos,
771 971 851 1018 cum
881 947 926 1018 ab
962 947 1011 1021 eis
1046 949 1250 1021 auferendus

379 1083 481 1141 esset.
513 1065 685 1159 sponsus,
751 1061 983 1138 Marcionem
1024 1064 1248 1140 differentiam

376 1181 470 1268 hanc
499 1179 591 1252 inter
622 1177 816 1276 discipulos
852 1179 1009 1269 Christi,
1049 1201 1085 1254 et
1113 1179 1276 1254 Joannisx

336 1323 358 1393 xr
376 1321 446 1392 pro
475 1297 535 1369 sua
561 1294 682 1367 haeresi
716 1315 841 1368 contra
872 1317 975 1370 vetus
1008 1317 1245 1370 testamentum

375 1412 552 1509 accepisse
579 1437 625 1486 ex
650 1411 877 1487 Tertulliano
905 1414 1094 1503 discimus,
1122 1414 1181 1511 qui
1201 1433 1247 1484 to·

377 1551 449 1602 tam
477 1530 568 1602 hanc
593 1527 775 1602 historiam
803 1530 988 1625 insigniter
1016 1533 1082 1604 suo
1111 1531 1245 1628 quidem

373 1647 467 1742 stylo
494 1647 660 1718 illustrat.
731 1645 877 1732 „Nunc
903 1647 1015 1736 illud,
1050 1648 1165 1744 iuquit
1189 1643 1244 1734 a),

350 1748 357 1762 ⁶
374 1762 523 1850 tuebor,
550 1780 590 1834 ut
613 1762 875 1850 demonstrem,
903 1784 939 1836 et
959 1763 1134 1836 loannem
1154 1759 1243 1834 Chri-

373 1899 454 1966 sto,
483 1898 518 1951 et
542 1876 722 1951 Christum
741 1878 869 1951 Joanni
888 1882 1108 1969 convenire,
1135 1879 1244 1974 utique

374 1996 560 2092 prophetae
580 1994 763 2082 creatoris,
783 2021 853 2091 qua
868 1996 1055 2070 Christum
1070 1991 1240 2075 creatoris}

373 2133 479 2208 atque
502 2112 549 2184 ita
567 2111 970 2201 erubescatlraereticus,
994 2115 1140 2188 Joannis
1162 2108 1242 2184 ordi·

375 2255 458 2306 uem
480 2229 607 2300 frustra
627 2229 819 2301 frustratus.
873 2229 1046 2302 Sic-enim
1072 2230 1155 2302 nihil
1177 2251 1241 2300 om·

374 2345 462 2417 nino
510 2344 781 2434 administrasset
827 2345 1008 2436 Joannes,
1057 2345 1239 2421 secundnm

371 2461 514 2534 Esaiam
536 2461 748 2534 vociferator
773 2463 809 2532 in
836 2463 1084 2554 solitudinem,
1110 2483 1144 2538 et
1163 2483 1240 2566 pne·

370 2598 515 2676 parator
527 2578 662 2653 viarum
676 2578 931 2652 dominicarum
943 2608 963 2668 ‚·
979 2609 1045 2677 per
1069 2577 1238 2654 denuntia-

370 2696 528 2782 tionem,
551 2715 586 2767 et
600 2695 841 2768 laudationem
862 2696 1102 2790 poenitentiae3
1128 2697 1156 2769 si
1173 2717 1236 2797 non

281 2795 283 2799 ¹
371 2811 476 2884 etiam
502 2810 618 2908 ipsum
644 2811 736 2882 inter
757 2831 902 2883 caeteros
930 2812 1113 2902 tinxisset,
1141 2831 1235 2884 nemo

365 2919 565 3024 ¹discipulos
584 2925 717 2998 Christi
737 2928 990 3001 manducantes
1015 2951 1050 3003 et
1073 2930 1234 3007 bibentes,

370 3045 418 3118 ad
450 3044 600 3116 formam
636 3042 892 3140 discipulorum,
926 3044 1072 3118 Joannis
1109 3043 1236 3119 assidue

368 3159 616 3248 ieiunantium,
637 3180 672 3232 et
682 3161 856 3235 orantium
871 3181 1111 3258 provocasset.
1149 3157 1235 3252 Quia

368 3279 398 3350 si
429 3303 501 3374 qua
529 3276 709 3352 diversitas
740 3278 843 3350 staret
876 3279 1176 3376 interyChristum
1205 3289 1235 3343 et

367 3396 560 3480 loannem,
580 3387 623 3466 'et
643 3407 787 3490 gregem
810 3395 1010 3492 utriusque,
1039 3399 1135 3469 nulla
1148 3377 1233 3464 'esset

366 3508 640 3607 comparationis
664 3510 822 3599 exactio,-
848 3533 991 3585 vacaret
1017 3507 1233 3610 provocatio

308 3693 322 3718 ,,
365 3629 419 3700 nis
444 3627 596 3700 intentio
615 3683 623 3699 .
644 3681 678 3700 ..
701 3627 755 3709 At
777 3655 871 3700 nunc
892 3629 1069 3708 humiliter
1088 3625 1231 3700 reddens

364 3743 561 3832 rationem,
597 3745 697 3840 qnod
724 3771 798 3819 nou
825 3767 972 3842 possent
997 3747 1152 3820 ieiunare
1176 3733 1231 3812 filil

362 3860 502 3958 sponsi,
539 3861 720 3956 quamdiu·
743 3889 823 3936 cum
855 3863 902 3934 eis
939 3884 1030 3936 esset
1060 3864 1228 3959 sponsus3

403 4013 432 4086 a)
455 4011 510 4073 att.
535 4009 589 4078 IV.
612 4011 731 4070 adversat
751 3997 912 4076 Mucianam
931 4027 986 4087 cup,
1007 4012 1067 4078 Χι.
1089 3999 1114 4082 a.
1138 3981 1197 4078 mn
