2438 4566
407 301 640 359 Ε
851 328 963 404 ¹279

70 480 162 535 nus.
175 456 199 496 “
264 454 296 531 S.
329 454 483 557 Cyrillus
511 453 779 536 Alexandrinus
805 458 843 534 in
871 460 907 534 h.
939 466 961 534 l.
990 451 1111 517 ΟΜ

70 601 161 675 quae
185 575 231 649 de
252 577 322 649 hoc
337 567 431 653 Iesto
452 577 566 653 Levit.
588 579 731 652 XXIII.
755 606 816 670 40.
840 580 963 653 dicun·
983 572 1114 633 LXXXI.

70 706 273 790 turjaquas
296 713 462 769 notanter
488 693 724 771 desumendas
745 709 783 772 de
811 720 961 786 torrente,
980 690 1122 756 'W

72 810 129 887 ad
163 810 348 884 Christum
385 812 588 886 Dominum
622 815 735 887 refert.
812 815 966 910 „Quod

73 952 190 1016 vero,
217 926 335 1025 inquit
364 925 427 1021 a),
455 950 593 1004 torrens
623 929 786 1005 Christus
813 936 968 1031 appelle·

72 1059 158 1153 tur,
183 1045 289 1119 etiarn
309 1048 493 1122 testabitur
517 1048 791 1147 sapientissimus
818 1050 877 1123 ille
902 1076 967 1122 no·

74 1182 155 1237 ster
177 1164 356 1259 psalmista
384 1167 432 1238 ad
456 1160 581 1240 Deum
608 1188 643 1240 et
673 1165 813 1241 Patrem
842 1168 968 1241 dicens

73 1279 128 1353 de
155 1278 285 1352 nobis:
331 1292 405 1354 Filii
434 1292 592 1354 hominum
624 1294 658 1355 in
685 1297 813 1370 tegmine
843 1284 968 1357 alarum

74 1418 209 1479 tuarum
219 1406 417 1490 sperabunt:
443 1410 674 1474 inebriabuntur
697 1412 736 1475 ab
758 1411 896 1474 ubertate
916 1413 969 1474 ‹lo-

76 1542 150 1587 mus
172 1535 252 1600 ταας
279 1538 310 1589 et
332 1538 465 1590 torrente
485 1527 662 1609 voluptatis
685 1537 743 1587 tua
757 1526 886 1607 potabis
908 1547 968 1591 eos.

75 1630 129 1705 Et
159 1627 238 1727 ipse
273 1632 355 1706 alias
389 1632 439 1707 ait
470 1633 509 1706 in
540 1632 727 1732 prophetis
760 1632 968 1706 Dominus:

77 1756 158 1819 Ecce
184 1777 238 1835 ego
261 1760 376 1822 declino
399 1761 444 1822 ud
464 1781 514 1824 eos
535 1775 687 1845 tanquam
707 1762 832 1837 fluvius
857 1763 970 1841 pacis,

78 1884 114 1939 et
128 1869 216 1951 ficut
240 1888 357 1940 torrens
381 1878 615 1941 inundantum.
678 1866 774 1942 Cum
799 1895 886 1964 ergo
909 1871 970 1940 Iex

77 1978 251 2079 inclytam
285 1985 439 2065 sanctam
473 1983 707 2083 appellaverit
743 1984 893 2082 primam
929 2008 971 2057 ac

79 2098 266 2196 {eptimam
286 2101 365 2174 festi
385 2101 495 2191 diem,
521 2129 685 2199 magnam
707 2128 853 2200 quoque
874 2103 971 2174 illam

80 2212 328 2291 denominavit
358 2218 500 2292 divinus
534 2220 779 2316 evangelista,
816 2246 863 2315 ne
896 2247 972 2292 mo·

81 2324 156 2405 rem
182 2332 246 2430 qui
273 2336 371 2431 apud
395 2323 538 2410 Iudaeos
566 2337 787 2425 inoleverat,
815 2358 855 2410 ut
883 2335 972 2410 veri·

83 2449 194 2525 simile
232 2470 307 2540 est,
345 2472 603 2527 contemneret.
665 2452 785 2546 Quam
815 2454 866 2524 ob
895 2479 973 2524 rem

84 2592 165 2643 cnm
197 2567 234 2640 in
269 2569 402 2643 caeteris
443 2571 517 2645 eius
549 2569 629 2644 festi
665 2567 884 2641 solemnibus
921 2568 972 2638 in·

84 2684 213 2761 stitutis
238 2687 407 2760 torrentis
432 2713 580 2784 quoque
605 2684 828 2772 nemenio,
857 2684 974 2757 Salva-

71 2820 141 2879 -.tor
162 2803 369 2901 profitetur,
393 2833 430 2878 se
449 2806 547 2878 illum
570 2830 645 2878 esse
669 2821 884 2890 torrentem,
910 2801 974 2898 qui

86 2919 202 2995 verbis
229 2920 317 3018 Iegis
346 2921 596 3020 pronuntiatus
625 2940 701 2994 est:
736 2930 769 2993 Si
797 2935 866 3016 quis
880 2927 974 3008 firit,

87 3034 222 3135 inquit,
255 3051 366 3110 veniat
397 3049 442 3110 ad
466 3067 540 3126 me,
578 3059 609 3112 et
643 3048 740 3109 bibat.
811 3036 974 3109 Attende

90 3155 180 3229 enim
203 3154 392 3251 quomodo
419 3173 575 3226 mentem
599 3153 803 3225 Iudaeorum
826 3179 846 3224 a
869 3155 973 3252 scrip·
1044 3197 1046 3201 -

89 3288 241 3361 tutatum
262 3270 384 3368 figuris
407 3271 452 3342 ad
471 3270 654 3344 veritatem
676 3269 847 3343 traducat.
889 3258 973 3368 Ego

92 3390 201 3480 enim,
219 3390 354 3486 inquit,
372 3391 447 3462 Ium
467 3408 605 3461 torrens
623 3413 643 3461 a
662 3387 864 3484 legislatore
884 3415 973 3486 prat-

94 3508 203 3583 dictus
222 3508 258 3579 in
279 3507 351 3594 his,
374 3532 453 3603 quae
473 3506 518 3579 de
540 3508 629 3578 festo
652 3508 733 3578 sunt
749 3505 937 3579 vaticiniis.
949 3508 972 3545 ‘⁶

94 3624 123 3697 S.
144 3626 200 3700 Jo.
224 3625 507 3723 Chrysostomus
532 3620 589 3714 b),
618 3626 717 3722 quod
741 3621 905 3717 nuspiam
927 3624 974 3694 Ie·

97 3764 217 3841 gantur
246 3742 357 3819 verba
383 3756 518 3830 flumina
552 3755 588 3815 de
622 3762 730 3813 oerztre
759 3753 823 3810 eius
849 3753 951 3824 fluent
964 3798 977 3833 ,

133 3929 163 4004 ι)
183 3929 240 3985 za.
268 3926 301 3981 V.
324 3929 352 3981 a
372 3926 448 3994 sian.
472 3947 494 3983 ο.
521 3943 544 3982 ι.
569 3884 603 3983 r.
619 3925 679 3980 ir.
702 3937 727 3994 p.
753 3928 812 3990 in.

178 4014 209 4089 l)
231 4011 308 4068 Hom.
331 4011 379 4072 LI.
403 4015 431 4066 in
451 4010 529 4077 Joan.
554 4028 579 4070 n.
606 4026 631 4065 r.
658 4010 688 4067 T.
716 4007 798 4064 VIII.
820 4020 846 4080 p.
871 4020 932 4072 299.
