2438 4566
553 274 798 322 ,η

248 303 324 371 4¹²

106 422 222 488 ΒΑΜ
250 457 390 522 ramus,
427 458 621 532 omnesque
652 435 814 512 diabolus
847 437 1117 541 inservientem

125 545 195 603 W·
251 553 443 648 redegerat.
469 554 610 642 Etenim
629 580 776 653 corpore
793 580 917 635 nostro
939 571 1115 661 permultis

85 661 231 730 W
245 670 469 768 passionibus
481 669 657 759 subiecto,
676 675 783 747 veluti
797 677 916 754 charta
936 709 1041 773 usus,
1059 714 1110 759 no·

246 809 327 864 strae
354 785 566 884 venditionis
591 790 705 887 pretia
738 798 960 888 ostentabat,
990 806 1107 900 passio

248 933 404 1003 numque
434 907 605 1002 malignus
636 909 827 1006 descriptor
857 915 1035 1010 instabat,
1065 923 1105 994 ob

249 1030 373 1100 oculos
386 1024 488 1097 nobis
503 1025 659 1098 debitum
672 1041 826 1122 ponens‚'
841 1057 884 1104 ac
899 1059 970 1107 nos
985 1039 1103 1112 univer·

247 1170 306 1220 sos
329 1143 374 1215 ad
393 1141 602 1238 supplicium
629 1145 1037 1250 condemnationemque
1056 1158 1101 1228 de·

245 1285 406 1358 poscens.
431 1260 518 1332 Erat
534 1259 652 1356 itaque
670 1264 870 1337 alterutrum
890 1269 1043 1344 duorum
1055 1299 1099 1344 ne·
1137 1340 1139 1349 .

244 1379 449 1453 cessarium:
465 1399 525 1452 aut
536 1399 576 1451 nt
587 1405 710 1451 omnes
722 1382 950 1458 condemnati
962 1389 1097 1486 praecipi.

239 1513 296 1569 tes
310 1496 448 1570 abirent
459 1497 496 1568 in
509 1515 656 1568 mortem
675 1497 694 1590 (
702 1522 827 1571 omnes
839 1502 934 1574 enirn
948 1533 1098 1602 peccave·
1137 1532 1139 1573 :

242 1610 349 1704 rant)
375 1635 434 1688 aut
456 1635 548 1688 certe
567 1604 607 1686 ut
626 1617 692 1686 tale
709 1616 939 1695 redemtionis
960 1626 1096 1721 pretium
1135 1576 1139 1749 1

188 1762 191 1767 ·
242 1731 400 1818 daretur,
420 1731 520 1827 quod
536 1729 700 1803 omnibus
716 1731 854 1807 iustitiae
873 1743 1098 1820 numerisiuf·
1132 1726 1139 1765 '¹

240 1849 362 1924 ficeret
378 1849 422 1920 ad
443 1847 696 1920 liberationem.
725 1850 839 1945 Atqui
856 1853 989 1945 homo,
1014 1858 1097 1954 quod

236 1965 376 2066 peccati
394 1965 515 2038 debito
532 1965 738 2053 subiaceret,
762 1969 893 2082 salvare
917 1999 994 2047 non
1013 1990 1095 2074 pote·-
1135 1990 1139 2047 t

238 2101 309 2157 rat:
330 2086 475 2178 angelus
492 2109 596 2170 vero,
615 2084 713 2178 quod
726 2102 860 2157 tanturn
878 2082 1094 2166 redemtionis
1135 2114 1137 2121 ·

237 2201 388 2299 pretium
408 2200 475 2296 ipsi
496 2226 569 2271 non
590 2201 808 2296 suppeteret,
832 2204 1030 2280 humanum
1048 2234 1095 2305 ge·

237 2347 305 2396 nus
330 2317 499 2390 redimere
521 2317 700 2417 nequibat.
768 2319 959 2415 Supererat
986 2327 1093 2422 igitur,

235 2459 277 2513 ut
304 2436 407 2509 Deus
432 2462 499 2534 pro
524 2435 681 2508 omnium
709 2437 861 2531 peccatis
890 2465 1092 2528 moreretur,
1137 2438 1139 2449 '

233 2556 295 2652 qui
317 2554 402 2628 nulli
423 2573 568 2650 peccato
589 2552 766 2626 obnoxius
785 2573 875 2627 erat:
897 2583 981 2629 nam
1001 2561 1092 2632 unica

233 2675 310 2748 iraec
322 2673 474 2746 restabat
487 2671 567 2743 mali
580 2671 706 2743 solutio
723 2726 730 2741 .
749 2727 758 2742 .
777 2724 786 2741 .
815 2671 889 2764 Qui
902 2674 1021 2771 itaque
1034 2700 1092 2748 nos

229 2789 382 2864 redemit
417 2816 441 2862 0
473 2769 590 2862 Judaee
625 2815 698 2862 non
730 2813 840 2884 purus
876 2811 929 2864 est
964 2794 1090 2866 homor

224 2910 382 2983 humana
408 2906 501 2979 enim
531 2925 653 2977 natura
676 2907 809 3002 peccati
839 2907 1007 2983 servitute
1037 2938 1090 3008 op·

225 3050 346 3124 pressa
363 3023 566 3110 tenebatur3
588 3023 648 3095 sed
666 3049 781 3118 neque
799 3043 934 3097 tantum
954 3050 1089 3124 quoque

224 3143 332 3216 Deus
364 3163 437 3215 erat
462 3143 614 3215 hnmana
637 3160 761 3219 natura
786 3141 997 3231 destitutus,
1025 3169 1089 3218 cor·

222 3287 291 3361 pus
310 3261 403 3334 enim
420 3259 575 3333 habebat
602 3313 610 3330 .
630 3312 665 3330 ..
695 3257 816 3330 Homo
833 3285 945 3354 purus
964 3263 1086 3333 salvare
1132 3281 1138 3313 ¹

223 3406 297 3454 non
335 3397 500 3475 poterat,
538 3375 641 3449 Deus
676 3376 767 3448 solus
806 3376 880 3473 pati
914 3378 1084 3474 nequibat

220 3497 322 3592 Quid
345 3495 480 3593 igitur?
517 3494 600 3590 Ipse
624 3494 818 3585 Emanuel‚
853 3492 957 3566 Deus
980 3498 1085 3567 factus

220 3638 273 3689 est
296 3616 425 3688 horno:
453 3629 487 3686 et
511 3612 548 3683 id
570 3610 712 3707 quidem
737 3612 837 3707 quod
863 3632 960 3698 erat,
986 3614 1084 3685 salva·

216 3734 289 3823 vit3
307 3732 408 3831 quod
420 3756 508 3807 vero
519 3730 648 3803 factum
666 3748 733 3817 est,
752 3722 934 3826 passiones
950 3729 1080 3804 subiie‘

397 3944 914 3985 m-
