2438 4566
374 279 608 357 ·’-“”““”--“Ξ
687 282 698 301 “
824 296 827 304 ’
880 318 930 398 rs

46 459 141 527 turba
148 456 256 544 super
276 458 417 522 doetrirm
436 461 510 522 eiust
561 459 642 522 Erat
661 457 741 522 enim
759 457 866 524 docens
884 484 933 527 eos
958 454 1074 520 (iiiut

41 578 123 671 ficut
133 587 330 662 potestattm
345 577 474 654 habens,
491 586 522 638 et
537 587 596 638 nort
605 573 803 656 ficutscribae
820 598 933 659 eorum,
975 577 1066 633 XLII·

51 710 79 762 et
113 696 276 759 Phurisaei.
357 684 450 778 Quae
492 681 595 754 etiam
630 685 742 758 verba
777 687 823 758 ab
860 686 935 760 aliis
951 693 1093 754 W

51 799 278 900 evangelistis
304 803 412 873 relata
438 798 510 872 aliis
537 801 786 878 occasionibus
810 809 934 903 legum

52 940 130 1010 tut,
154 921 319 1015 utsupra
338 916 541 990 notavimus
561 913 611 1009 a).
662 919 705 992 ln
723 922 794 995 hoc
813 941 935 998 autem

42 1040 215 1112 {srmone
253 1035 292 1106 in
327 1053 449 1107 monte
488 1033 645 1108 divinam
685 1038 933 1116 auctoritatem

55 1157 148 1230 fuam
164 1151 320 1226 maxime
338 1151 607 1243 demonstravit,
625 1171 666 1227 ut
682 1179 728 1227 ex
746 1153 778 1228 S.
795 1155 933 1245 Irenaeo

57 1271 275 1358 notavimus,
302 1267 420 1369 uerbis
443 1267 511 1340 illis
532 1295 561 1340 e.
587 1294 645 1365 g.:
672 1281 834 1364 Audistis,
855 1287 934 1366 quin

58 1400 169 1464 ictum
198 1409 245 1461 est
272 1399 430 1478 antiquis:
465 1395 533 1456 Nori
560 1395 686 1457 occidm.
735 1397 800 1474 Ego
827 1412 934 1474 autem

10 1524 14 1589 ².
60 1517 120 1580 dico
138 1511 249 1592 vobis,
274 1515 302 1575 si
323 1514 393 1595 quis
410 1513 558 1574 irascitur
569 1509 675 1591 fratri
679 1510 761 1590 suo,
789 1533 858 1577 rtur
873 1521 933 1582 erit

10 1610 12 1619 ¹
62 1634 178 1695 iudicio.
229 1619 293 1693 Ad
319 1640 397 1716 quae
420 1619 533 1692 verba
555 1618 589 1691 S.
611 1618 841 1695 Chromatius
863 1623 934 1697 Tr.
1130 1664 1134 1676 .

63 1736 119 1810 vl.
144 1738 184 1810 in
212 1732 349 1810 Matth.
373 1732 411 1825 b)
469 1734 588 1824 „Hoc
616 1755 691 1838 cst,
719 1738 820 1834 quod
847 1739 935 1814 dicit
1044 1776 1047 1785 ·

64 1852 240 1929 Dominus
253 1870 280 1941 ‚‘
300 1878 358 1925 non
382 1865 453 1924 ueni
468 1861 593 1942 firlvere
618 1864 733 1942 regem,
748 1863 811 1944 scd
835 1867 933 1928 adim

61 1983 143 2065 plere.
204 1970 288 2043 Hoc
314 1989 385 2058 est,
400 1971 513 2072 'quod
540 1970 658 2045 minus
681 1989 755 2045 etat
777 1974 930 2047 addere:

66 2094 232 2188 piacepta
255 2087 384 2161 [cilicet
405 2088 493 2184 legis
516 2087 554 2160 in
580 2086 706 2162 melius
729 2089 933 2163 reformare.

28 2278 33 2283 .
65 2201 160 2280 Unde
181 2226 218 2280 et
234 2205 267 2278 S.
285 2207 486 2303 Apostolus
500 2204 566 2277 ait:
587 2215 694 2323 Leggm
712 2234 783 2292 ergo
802 2217 934 2281 destrui·

64 2332 307 2418 ausperfidem?
324 2335 424 2396 Absit.
453 2333 512 2396 Sed
523 2333 614 2409 Iegem
619 2329 799 2410 statuimus.
827 2325 943 2400 Rudi'
1030 2328 1033 2332 ’

30 2430 33 2435 ’
67 2460 96 2513 et
118 2442 209 2516 duro
232 2445 373 2539 populo
399 2438 486 2534 legis
512 2438 639 2510 tradita
663 2440 745 2510 sunt
765 2441 933 2514 mandata

33 2618 36 2623 .
65 2553 216 2644 iustitiae3
253 2559 413 2656 perfecto
444 2574 561 2628 autem
593 2574 629 2626 et
660 2553 759 2627 fideli
791 2561 934 2652 populo

65 2675 263 2773 evangelica
281 2675 466 2748 traduntur¹
483 2674 661 2773 praecepta
677 2693 934 2766 consummatae

64 2790 159 2882 fidei,
188 2812 225 2865 et
249 2791 398 2866 coelestis
421 2789 602 2866 iustitiae.“
650 2786 806 2886 Egregie
833 2816 933 2887 pror⁴

65 2932 115 2982 sus
131 2910 229 2983 idem
251 2911 284 2983 S.
302 2907 466 2997 Doctor,
493 2933 572 3006 quae
594 2906 764 3004 deinceps
782 2907 939 3002 sequen«,

47 3045 116 3107 vtur
133 3028 231 3127 apud
253 3027 469 3100 Matthaeum
490 3025 695 3100 huiusmodi
714 3024 934 3097 reformatio·
1053 3062 1056 3067 ¹

62 3171 117 3219 nes
146 3143 456 3244 perfectionesque
485 3140 572 3237 legis
597 3139 846 3254 proquuitur3
876 3167 935 3213 ve·

42 3263 118 3337 ·luti
137 3261 325 3363 proxime:
355 3271 518 3347 Audistis,
545 3270 623 3351 quia
646 3268 764 3330 dictum
786 3279 832 3328 est
851 3263 935 3330 anti·
989 3359 992 3363 ἢ

61 3395 152 3474 quis:
191 3390 261 3451 Nou
289 3387 494 3450 mechaberis.
560 3383 625 3461 Ego
650 3395 755 3446 autem
781 3384 870 3446 dico:
904 3385 936 3444 si
984 3462 987 3471 ⁸

10 3560 14 3571 .
62 3511 124 3591 quis
144 3508 264 3570 viderit
283 3507 438 3570 mulierem
459 3515 516 3566 etc.
569 3489 643 3563 Ubi
659 3516 747 3564 vero
767 3516 855 3562 mox
874 3514 934 3562 ve·

10 3666 13 3671 -
64 3615 137 3688 tetis
155 3611 356 3687 testamenti
373 3608 697 3708 concupiscentiam
716 3606 820 3680 etiam
840 3605 935 3676 dam·

10 3765 31 3807 ι
68 3732 173 3805 nantis
199 3726 402 3803 testimonia
423 3728 546 3816 affert;
581 3728 733 3822 suntque
756 3725 939 3817 luculenta

10 3884 32 3929 ’ἶ
104 3916 131 3990 s)
148 3913 238 3975 Marc.
262 3915 288 3973 1.
312 3929 354 3970 aa.
411 3913 474 3975 zuo.
498 3911 551 3968 IV.
575 3916 618 3979 32.

123 4003 175 4074 s)
198 3993 267 4061 sut
291 3997 351 4056 Μ).
377 3991 409 4073 Y.
436 3993 518 4064 νιιι.
539 4009 566 4068 r·
591 3999 653 4075 ιιι,
