2438 4566
322 298 391 368 118
640 322 872 337 ·-·-··-

171 386 387 527 ,ω
541 425 1023 571 cuturn„
1134 554 1144 563 ,

162 558 303 743 ,viv
355 631 485 707 ono
523 627 665 721 sont
704 624 1150 729 sunulnnuum
1208 574 1211 579 ⁵

316 822 431 902 Nemo
458 827 570 918 potest
596 812 726 899 duobus
754 810 906 917 dominis
925 814 1184 921 servitorum

320 923 327 931 ¹
375 954 471 1027 enim
502 970 617 1028 unum
646 944 735 1041 odio
764 922 937 1039 habebit,¹
974 958 1012 1047 et
1039 944 1185 1051 alterum

375 1078 526 1176 diliget:
564 1087 626 1151 aut
659 1097 774 1175 unum
801 1072 1010 1175 sustinebit,
1046 1072 1187 1176 et'plto·

375 1226 456 1281 rum
481 1214 701 1281 contemnet.
741 1199 828 1279 Non
847 1202 993 1299 potestis
1020 1198 1098 1303 Deo
1115 1198 1185 1311 Jer-

376 1335 458 1437 uire
484 1340 518 1407 et
546 1350 758 1407 mammone.
800 1326 950 1434 ,Metto
966 1326 1047 1431 .V1.
1076 1350 1139 1425 24.

154 1736 217 1805 Non
232 1752 293 1815 posg
316 1650 627 1821 ¹Consequenter
642 1702 719 1793 haec
737 1718 782 1791 ad
799 1708 978 1816 superiora
991 1714 1183 1813 dictasunt,

157 1838 288 1958 &guzh
326 1866 371 1911 ne
395 1864 458 1910 cor
479 1837 524 1908 ad
545 1861 600 1909 res
622 1855 775 1907 terrenas
795 1856 830 1907 et
848 1833 1062 1931 transitorias
1083 1834 1184 1931 affige·

156 1988 214 2039 vire
242 1997 268 2040 ει
327 1975 382 2027 tur
404 1952 613 2052 postpositis
635 1951 834 2025 coelestibus
858 1973 894 2051 et
915 1950 1065 2053 oeternis.
1112 1952 1185 2023 Am·

156 2067 288 2154 mammos
325 2070 417 2169 plius
447 2097 535 2171 vero
560 2070 618 2171 hic
643 2068 850 2168 depravatio
877 2072 1041 2167 bumanae
1067 2086 1185 2169 natum

156 2163 205 2233 Ψ·
327 2186 547 2274 ostenditur,
575 2186 632 2259 cui
653 2186 826 2283 cupiditas
849 2187 1075 2287 dominatur,
1101 2180 1187 2283 quod

328 2304 492 2375 Christus
523 2303 713 2405 consistere
735 2329 957 2401 nequaquam
980 2330 1088 2400 posse
1117 2298 1188 2375 dicit

331 2448 411 2493 cum
443 2419 629 2510 servitute,
667 2448 737 2517 qua
764 2420 851 2494 Deo
877 2420 1037 2521 obstricti
1060 2422 1188 2515 sumus:

333 2549 427 2609 Nemo
446 2558 553 2627 potest
578 2546 694 2609 duobus
719 2550 849 2611 dominis
863 2522 998 2627 servire,
1048 2536 1114 2625 „Si
1137 2558 1189 2609 vo·

329 2655 517 2740 luerimus,
541 2654 589 2727 ait
607 2655 638 2726 S.
659 2654 825 2745 Clemens
845 2653 884 2749 P.
904 2653 952 2726 R.
974 2650 1036 2745 o),
1060 2673 1098 2727 et
1115 2648 1189 2725 Deo
1212 2722 1216 2727 .

329 2771 480 2857 servire,
508 2790 542 2841 et
563 2771 811 2856 Mammonae,
839 2798 914 2871 non
939 2769 1109 2871 congruit
1131 2768 1192 2841 hoc

329 2884 444 2956 nobis.
498 2885 596 2991 Quid
621 2886 714 2983 enim
741 2886 909 2985 prodest,
936 2887 1068 2985 siquis
1088 2906 1193 2987 totum

329 3000 503 3073 mundum
534 3004 710 3090 lucretur,
748 3004 871 3085 animae
901 3004 1195 3103 vero'detrimen·

330 3120 404 3188 tum
431 3116 614 3212 patiatur?
640 3121 720 3192 sunt
744 3147 831 3195 vero
857 3124 1020 3219 soeculum
1046 3121 1142 3219 hoc,
1164 3134 1195 3189 et

329 3236 486 3305 futurum
517 3237 590 3306 duo
620 3234 775 3312 inimici:
812 3239 883 3311 hoc
913 3236 1070 3335 loquitur
1096 3232 1198 3311 forni-

330 3344 527 3438 cationem,
559 3370 594 3422 et
620 3354 908 3452 corruptionem,
937 3374 971 3427 et
998 3354 1199 3451 avaritiam,

331 3489 366 3539 et
391 3466 663 3561 deceptionem,
697 3470 784 3541 illud
814 3494 902 3542 vero
933 3471 998 3544 ista
1025 3472 1199 3569 prohibet

330 3583 419 3655 Non
446 3610 634 3679 possumus
663 3609 748 3678 ergo
776 3585 923 3683 istorum
951 3590 1108 3667 duorum
1130 3612 1202 3662 esse

331 3700 455 3770 amici:
485 3722 626 3798 oportet
654 3726 740 3773 vero
768 3730 833 3776 nos
862 3705 906 3776 ab
931 3706 1002 3778 hoc
1026 3707 1200 3802 separatos

328 3814 391 3919 illo
425 3818 501 3888 frui.
523 3822 544 3856 ‘⁶
615 3817 758 3917 Nempe
791 3849 851 3915 non
879 3835 1013 3914 potestis
1049 3833 1118 3897 Deo
1137 3830 1202 3925 ser·

372 3963 401 4051 fr)
424 3966 504 4037 Eun.
530 3966 569 4030 ιι.
592 3968 625 4022 n
649 3969 702 4029 or.
723 3987 753 4032 n.
776 3975 803 4030 c
885 3938 888 3944 ’
