<?xml version="1.0" encoding="UTF-8"?>
<!DOCTYPE html PUBLIC "-//W3C//DTD XHTML 1.0 Transitional//EN"
    "http://www.w3.org/TR/xhtml1/DTD/xhtml1-transitional.dtd">
<html xmlns="http://www.w3.org/1999/xhtml" xml:lang="en" lang="en">
 <head>
  <title>
</title>
<meta http-equiv="Content-Type" content="text/html;charset=utf-8" />
  <meta name='ocr-system' content='tesseract 3.04.00' />
  <meta name='ocr-capabilities' content='ocr_page ocr_carea ocr_par ocr_line ocrx_word'/>
</head>
<body>
  <div class='ocr_page' id='page_1' title='image "./desublimiinevan02gerbgoog_0256.png"; bbox 0 0 2566 4680; ppageno 0'>
   <div class='ocr_carea' id='block_1_1' title="bbox 346 323 420 394">
    <p class='ocr_par' dir='ltr' id='par_1_1' title="bbox 346 323 420 394">
     <span class='ocr_line' id='line_1_1' title="bbox 346 323 420 394; baseline -0.054 -16"><span class='ocrx_word' id='word_1_1' title='bbox 346 323 420 394; x_wconf 73' lang='lat' dir='ltr'>aso</span> 
     </span>
    </p>
   </div>
   <div class='ocr_carea' id='block_1_2' title="bbox 183 444 1271 2883">
    <p class='ocr_par' dir='ltr' id='par_1_2' title="bbox 183 444 1271 2883">
     <span class='ocr_line' id='line_1_2' title="bbox 201 444 1224 550; baseline -0.005 -23"><span class='ocrx_word' id='word_1_2' title='bbox 201 451 318 518; x_wconf 61' lang='lat' dir='ltr'>cm*</span> <span class='ocrx_word' id='word_1_3' title='bbox 344 475 473 527; x_wconf 85' lang='lat' dir='ltr'>census</span> <span class='ocrx_word' id='word_1_4' title='bbox 496 447 674 550; x_wconf 75' lang='lat' dir='ltr'>capitatim</span> <span class='ocrx_word' id='word_1_5' title='bbox 698 447 736 520; x_wconf 91' lang='lat' dir='ltr'>in</span> <span class='ocrx_word' id='word_1_6' title='bbox 757 473 862 522; x_wconf 88' lang='lat' dir='ltr'>usum</span> <span class='ocrx_word' id='word_1_7' title='bbox 879 444 1098 523; x_wconf 75' lang='lat' dir='ltr'>tabernaculi</span> <span class='ocrx_word' id='word_1_8' title='bbox 1115 448 1224 547; x_wconf 89' lang='lat' dir='ltr'>pendi</span> 
     </span>
     <span class='ocr_line' id='line_1_3' title="bbox 199 565 1264 660; baseline -0.004 -18"><span class='ocrx_word' id='word_1_9' title='bbox 199 571 311 632; x_wconf 62' lang='lat' dir='ltr'><strong>LXXV·</strong></span> <span class='ocrx_word' id='word_1_10' title='bbox 345 568 498 644; x_wconf 88' lang='lat' dir='ltr'>iubetur.</span> <span class='ocrx_word' id='word_1_11' title='bbox 548 567 727 640; x_wconf 87' lang='lat' dir='ltr'>Potuisset</span> <span class='ocrx_word' id='word_1_12' title='bbox 749 589 838 642; x_wconf 88' lang='lat' dir='ltr'>vero</span> <span class='ocrx_word' id='word_1_13' title='bbox 866 565 1028 639; x_wconf 89' lang='lat' dir='ltr'>Christus</span> <span class='ocrx_word' id='word_1_14' title='bbox 1055 567 1224 639; x_wconf 86' lang='lat' dir='ltr'>exemtio-</span> <span class='ocrx_word' id='word_1_15' title='bbox 1263 657 1264 660; x_wconf 8' lang='grc' dir='ltr'><strong>Ἴ</strong></span> 
     </span>
     <span class='ocr_line' id='line_1_4' title="bbox 183 682 1221 774; baseline -0.002 -14"><span class='ocrx_word' id='word_1_16' title='bbox 183 691 324 774; x_wconf 54' lang='lat' dir='ltr'>W*</span> <span class='ocrx_word' id='word_1_17' title='bbox 344 713 428 760; x_wconf 94' lang='lat' dir='ltr'>nem</span> <span class='ocrx_word' id='word_1_18' title='bbox 458 685 522 759; x_wconf 89' lang='lat' dir='ltr'>srbi</span> <span class='ocrx_word' id='word_1_19' title='bbox 551 683 743 758; x_wconf 87' lang='lat' dir='ltr'>vendicare</span> <span class='ocrx_word' id='word_1_20' title='bbox 774 683 879 756; x_wconf 87' lang='lat' dir='ltr'>etiam</span> <span class='ocrx_word' id='word_1_21' title='bbox 913 682 1018 756; x_wconf 88' lang='lat' dir='ltr'>titulo</span> <span class='ocrx_word' id='word_1_22' title='bbox 1053 702 1152 757; x_wconf 88' lang='lat' dir='ltr'>ortus</span> <span class='ocrx_word' id='word_1_23' title='bbox 1167 709 1221 768; x_wconf 83' lang='lat' dir='ltr'>ac</span> 
     </span>
     <span class='ocr_line' id='line_1_5' title="bbox 343 798 1220 903; baseline -0.002 -27"><span class='ocrx_word' id='word_1_24' title='bbox 343 804 517 903; x_wconf 73' lang='lat' dir='ltr'>prosapiae</span> <span class='ocrx_word' id='word_1_25' title='bbox 541 803 609 875; x_wconf 81' lang='lat' dir='ltr'>fuae</span> <span class='ocrx_word' id='word_1_26' title='bbox 635 827 680 874; x_wconf 88' lang='lat' dir='ltr'>ex</span> <span class='ocrx_word' id='word_1_27' title='bbox 702 800 808 897; x_wconf 82' lang='lat' dir='ltr'>stirpe</span> <span class='ocrx_word' id='word_1_28' title='bbox 829 799 925 898; x_wconf 88' lang='lat' dir='ltr'>regia</span> <span class='ocrx_word' id='word_1_29' title='bbox 944 798 1117 887; x_wconf 88' lang='lat' dir='ltr'>Davidis;</span> <span class='ocrx_word' id='word_1_30' title='bbox 1145 824 1220 896; x_wconf 79' lang='lat' dir='ltr'>quae</span> 
     </span>
     <span class='ocr_line' id='line_1_6' title="bbox 343 917 1266 1015; baseline -0.003 -20"><span class='ocrx_word' id='word_1_31' title='bbox 343 945 433 995; x_wconf 85' lang='lat' dir='ltr'>vero</span> <span class='ocrx_word' id='word_1_32' title='bbox 456 939 539 992; x_wconf 90' lang='lat' dir='ltr'>tunc</span> <span class='ocrx_word' id='word_1_33' title='bbox 562 917 731 1015; x_wconf 87' lang='lat' dir='ltr'>temporis</span> <span class='ocrx_word' id='word_1_34' title='bbox 757 917 795 989; x_wconf 94' lang='lat' dir='ltr'>in</span> <span class='ocrx_word' id='word_1_35' title='bbox 824 918 981 992; x_wconf 88' lang='lat' dir='ltr'>obscuro</span> <span class='ocrx_word' id='word_1_36' title='bbox 1006 918 1139 993; x_wconf 86' lang='lat' dir='ltr'>latebat</span> <span class='ocrx_word' id='word_1_37' title='bbox 1163 917 1224 988; x_wconf 81' lang='lat' dir='ltr'>sm-</span> <span class='ocrx_word' id='word_1_38' title='bbox 1265 946 1266 992; x_wconf 80' lang='lat' dir='ltr'>l</span> 
     </span>
     <span class='ocr_line' id='line_1_7' title="bbox 344 997 1266 1135; baseline -0.007 -23"><span class='ocrx_word' id='word_1_39' title='bbox 344 1035 458 1135; x_wconf 83' lang='lat' dir='ltr'>gulari</span> <span class='ocrx_word' id='word_1_40' title='bbox 479 1061 623 1132; x_wconf 87' lang='lat' dir='ltr'>quoque</span> <span class='ocrx_word' id='word_1_41' title='bbox 650 1035 774 1110; x_wconf 89' lang='lat' dir='ltr'>divino</span> <span class='ocrx_word' id='word_1_42' title='bbox 800 1033 976 1123; x_wconf 87' lang='lat' dir='ltr'>consilio,</span> <span class='ocrx_word' id='word_1_43' title='bbox 1003 1035 1049 1106; x_wconf 86' lang='lat' dir='ltr'>ad</span> <span class='ocrx_word' id='word_1_44' title='bbox 1070 1034 1224 1110; x_wconf 86' lang='lat' dir='ltr'>eximcn·</span> <span class='ocrx_word' id='word_1_45' title='bbox 1265 997 1266 1060; x_wconf 55' lang='lat' dir='ltr'>l</span> 
     </span>
     <span class='ocr_line' id='line_1_8' title="bbox 347 1149 1267 1250; baseline -0.007 -22"><span class='ocrx_word' id='word_1_46' title='bbox 347 1155 429 1228; x_wconf 88' lang='lat' dir='ltr'>dam</span> <span class='ocrx_word' id='word_1_47' title='bbox 453 1151 583 1226; x_wconf 79' lang='lat' dir='ltr'>ludaeis</span> <span class='ocrx_word' id='word_1_48' title='bbox 609 1151 712 1224; x_wconf 90' lang='lat' dir='ltr'>nimis</span> <span class='ocrx_word' id='word_1_49' title='bbox 739 1154 807 1226; x_wconf 86' lang='lat' dir='ltr'>alte</span> <span class='ocrx_word' id='word_1_50' title='bbox 828 1149 954 1249; x_wconf 77' lang='lat' dir='ltr'>animis</span> <span class='ocrx_word' id='word_1_51' title='bbox 978 1149 1127 1224; x_wconf 86' lang='lat' dir='ltr'>infixam</span> <span class='ocrx_word' id='word_1_52' title='bbox 1152 1152 1222 1248; x_wconf 91' lang='lat' dir='ltr'>opi·</span> <span class='ocrx_word' id='word_1_53' title='bbox 1266 1174 1267 1250; x_wconf 59' lang='lat' dir='ltr'>l</span> 
     </span>
     <span class='ocr_line' id='line_1_9' title="bbox 345 1257 1267 1366; baseline -0.002 -22"><span class='ocrx_word' id='word_1_54' title='bbox 345 1269 493 1344; x_wconf 88' lang='lat' dir='ltr'>nionem</span> <span class='ocrx_word' id='word_1_55' title='bbox 519 1269 564 1342; x_wconf 92' lang='lat' dir='ltr'>de</span> <span class='ocrx_word' id='word_1_56' title='bbox 590 1294 704 1366; x_wconf 88' lang='lat' dir='ltr'>regno</span> <span class='ocrx_word' id='word_1_57' title='bbox 735 1268 884 1344; x_wconf 84' lang='lat' dir='ltr'>Messiae</span> <span class='ocrx_word' id='word_1_58' title='bbox 913 1288 1077 1355; x_wconf 83' lang='lat' dir='ltr'>terren03</span> <span class='ocrx_word' id='word_1_59' title='bbox 1114 1288 1220 1342; x_wconf 87' lang='lat' dir='ltr'>tanto·</span> <span class='ocrx_word' id='word_1_60' title='bbox 1266 1257 1267 1260; x_wconf 24' lang='lat'>¹</span> 
     </span>
     <span class='ocr_line' id='line_1_10' title="bbox 344 1384 1268 1484; baseline 0.004 -24"><span class='ocrx_word' id='word_1_61' title='bbox 344 1385 560 1484; x_wconf 89' lang='lat' dir='ltr'>queminus</span> <span class='ocrx_word' id='word_1_62' title='bbox 589 1387 661 1460; x_wconf 90' lang='lat' dir='ltr'>huc</span> <span class='ocrx_word' id='word_1_63' title='bbox 688 1384 862 1482; x_wconf 84' lang='lat' dir='ltr'>respicere</span> <span class='ocrx_word' id='word_1_64' title='bbox 893 1384 1056 1458; x_wconf 87' lang='lat' dir='ltr'>Christus</span> <span class='ocrx_word' id='word_1_65' title='bbox 1086 1385 1220 1473; x_wconf 89' lang='lat' dir='ltr'>voluit,</span> <span class='ocrx_word' id='word_1_66' title='bbox 1267 1402 1268 1464; x_wconf 82' lang='lat' dir='ltr'>l</span> 
     </span>
     <span class='ocr_line' id='line_1_11' title="bbox 347 1499 1225 1598; baseline -0.005 -20"><span class='ocrx_word' id='word_1_67' title='bbox 347 1523 390 1579; x_wconf 88' lang='lat' dir='ltr'>ut</span> <span class='ocrx_word' id='word_1_68' title='bbox 414 1529 452 1576; x_wconf 87' lang='lat' dir='ltr'>se</span> <span class='ocrx_word' id='word_1_69' title='bbox 472 1502 665 1576; x_wconf 85' lang='lat' dir='ltr'>immunem</span> <span class='ocrx_word' id='word_1_70' title='bbox 690 1502 813 1574; x_wconf 90' lang='lat' dir='ltr'>haberi</span> <span class='ocrx_word' id='word_1_71' title='bbox 834 1505 942 1576; x_wconf 86' lang='lat' dir='ltr'>vellet</span> <span class='ocrx_word' id='word_1_72' title='bbox 967 1499 1136 1598; x_wconf 85' lang='lat' dir='ltr'>tanq&#39;uam</span> <span class='ocrx_word' id='word_1_73' title='bbox 1159 1503 1225 1576; x_wconf 90' lang='lat' dir='ltr'>ori·</span> 
     </span>
     <span class='ocr_line' id='line_1_12' title="bbox 335 1605 1224 1716; baseline 0.002 -23"><span class='ocrx_word' id='word_1_74' title='bbox 335 1605 482 1694; x_wconf 77' lang='lat' dir='ltr'>&#39;undum</span> <span class='ocrx_word' id='word_1_75' title='bbox 505 1645 551 1692; x_wconf 86' lang='lat' dir='ltr'>ex</span> <span class='ocrx_word' id='word_1_76' title='bbox 581 1618 686 1716; x_wconf 87' lang='lat' dir='ltr'>stirpe</span> <span class='ocrx_word' id='word_1_77' title='bbox 707 1618 823 1715; x_wconf 87' lang='lat' dir='ltr'>regia,</span> <span class='ocrx_word' id='word_1_78' title='bbox 851 1616 933 1715; x_wconf 92' lang='lat' dir='ltr'>qui,</span> <span class='ocrx_word' id='word_1_79' title='bbox 960 1619 1046 1691; x_wconf 93' lang='lat' dir='ltr'>dum</span> <span class='ocrx_word' id='word_1_80' title='bbox 1073 1645 1158 1694; x_wconf 87' lang='lat' dir='ltr'>eum</span> <span class='ocrx_word' id='word_1_81' title='bbox 1178 1620 1224 1694; x_wconf 87' lang='lat' dir='ltr'>la·</span> 
     </span>
     <span class='ocr_line' id='line_1_13' title="bbox 341 1734 1224 1832; baseline -0.002 -21"><span class='ocrx_word' id='word_1_82' title='bbox 341 1763 425 1812; x_wconf 89' lang='lat' dir='ltr'>cere</span> <span class='ocrx_word' id='word_1_83' title='bbox 459 1736 632 1810; x_wconf 84' lang='lat' dir='ltr'>volebant</span> <span class='ocrx_word' id='word_1_84' title='bbox 666 1761 809 1830; x_wconf 86' lang='lat' dir='ltr'>regem,</span> <span class='ocrx_word' id='word_1_85' title='bbox 852 1734 964 1832; x_wconf 78' lang='lat' dir='ltr'>fugit,</span> <span class='ocrx_word' id='word_1_86' title='bbox 1004 1754 1224 1810; x_wconf 80' lang='lat' dir='ltr'>contestatus</span> 
     </span>
     <span class='ocr_line' id='line_1_14' title="bbox 346 1851 1270 1950; baseline -0.004 -22"><span class='ocrx_word' id='word_1_87' title='bbox 346 1855 451 1928; x_wconf 86' lang='lat' dir='ltr'>etiam</span> <span class='ocrx_word' id='word_1_88' title='bbox 482 1855 599 1950; x_wconf 89' lang='lat' dir='ltr'>palam</span> <span class='ocrx_word' id='word_1_89' title='bbox 635 1853 754 1924; x_wconf 82' lang='lat' dir='ltr'>coram</span> <span class='ocrx_word' id='word_1_90' title='bbox 790 1851 904 1926; x_wconf 81' lang='lat' dir='ltr'>Pilato</span> <span class='ocrx_word' id='word_1_91' title='bbox 938 1877 1087 1948; x_wconf 89' lang='lat' dir='ltr'>regnum</span> <span class='ocrx_word' id='word_1_92' title='bbox 1122 1855 1222 1928; x_wconf 82' lang='lat' dir='ltr'>suum</span> <span class='ocrx_word' id='word_1_93' title='bbox 1269 1862 1270 1876; x_wconf 62' lang='lat'>¹</span> 
     </span>
     <span class='ocr_line' id='line_1_15' title="bbox 344 1965 1223 2048; baseline -0.007 -2"><span class='ocrx_word' id='word_1_94' title='bbox 344 1996 420 2046; x_wconf 85' lang='lat' dir='ltr'>non</span> <span class='ocrx_word' id='word_1_95' title='bbox 444 1983 519 2048; x_wconf 77' lang='lat' dir='ltr'>esse</span> <span class='ocrx_word' id='word_1_96' title='bbox 542 1970 588 2042; x_wconf 92' lang='lat' dir='ltr'>de</span> <span class='ocrx_word' id='word_1_97' title='bbox 611 1969 682 2042; x_wconf 92' lang='lat' dir='ltr'>hoc</span> <span class='ocrx_word' id='word_1_98' title='bbox 705 1969 853 2042; x_wconf 90' lang='lat' dir='ltr'>mundo.</span> <span class='ocrx_word' id='word_1_99' title='bbox 904 1965 984 2040; x_wconf 91' lang='lat' dir='ltr'>Nec</span> <span class='ocrx_word' id='word_1_100' title='bbox 1010 1995 1099 2042; x_wconf 90' lang='lat' dir='ltr'>vero</span> <span class='ocrx_word' id='word_1_101' title='bbox 1123 1969 1223 2044; x_wconf 89' lang='lat' dir='ltr'>dubi·</span> 
     </span>
     <span class='ocr_line' id='line_1_16' title="bbox 342 2085 1271 2184; baseline -0.002 -24"><span class='ocrx_word' id='word_1_102' title='bbox 342 2087 491 2161; x_wconf 83' lang='lat' dir='ltr'>tandum</span> <span class='ocrx_word' id='word_1_103' title='bbox 519 2106 590 2174; x_wconf 87' lang='lat' dir='ltr'>est,</span> <span class='ocrx_word' id='word_1_104' title='bbox 618 2087 893 2184; x_wconf 91' lang='lat' dir='ltr'>conspirantque</span> <span class='ocrx_word' id='word_1_105' title='bbox 918 2085 1149 2184; x_wconf 83' lang='lat' dir='ltr'>interpretes,</span> <span class='ocrx_word' id='word_1_106' title='bbox 1177 2087 1224 2161; x_wconf 91' lang='lat' dir='ltr'>di·</span> <span class='ocrx_word' id='word_1_107' title='bbox 1270 2093 1271 2100; x_wconf 77' lang='grc'>’</span> 
     </span>
     <span class='ocr_line' id='line_1_17' title="bbox 343 2202 1225 2302; baseline -0.006 -22"><span class='ocrx_word' id='word_1_108' title='bbox 343 2203 465 2280; x_wconf 80' lang='lat' dir='ltr'>vinam</span> <span class='ocrx_word' id='word_1_109' title='bbox 487 2207 583 2276; x_wconf 88' lang='lat' dir='ltr'>suam</span> <span class='ocrx_word' id='word_1_110' title='bbox 610 2202 792 2284; x_wconf 81' lang='lat' dir='ltr'>Christum</span> <span class='ocrx_word' id='word_1_111' title='bbox 818 2202 876 2276; x_wconf 91' lang='lat' dir='ltr'>hic</span> <span class='ocrx_word' id='word_1_112' title='bbox 904 2203 1091 2298; x_wconf 85' lang='lat' dir='ltr'>indigitare</span> <span class='ocrx_word' id='word_1_113' title='bbox 1118 2204 1225 2302; x_wconf 89' lang='lat' dir='ltr'>origi-</span> 
     </span>
     <span class='ocr_line' id='line_1_18' title="bbox 343 2318 1223 2424; baseline -0.003 -28"><span class='ocrx_word' id='word_1_114' title='bbox 343 2347 426 2396; x_wconf 88' lang='lat' dir='ltr'>nem</span> <span class='ocrx_word' id='word_1_115' title='bbox 449 2339 617 2418; x_wconf 88' lang='lat' dir='ltr'>tanquam</span> <span class='ocrx_word' id='word_1_116' title='bbox 641 2319 815 2424; x_wconf 80' lang='lat' dir='ltr'>unigeniti</span> <span class='ocrx_word' id='word_1_117' title='bbox 834 2319 914 2392; x_wconf 86' lang='lat' dir='ltr'>Filii</span> <span class='ocrx_word' id='word_1_118' title='bbox 939 2318 1030 2408; x_wconf 86' lang='lat' dir='ltr'>Dei,</span> <span class='ocrx_word' id='word_1_119' title='bbox 1058 2320 1223 2418; x_wconf 76' lang='lat' dir='ltr'>singulari</span> 
     </span>
     <span class='ocr_line' id='line_1_19' title="bbox 340 2435 1222 2536; baseline -0.001 -23"><span class='ocrx_word' id='word_1_120' title='bbox 340 2463 489 2536; x_wconf 87' lang='lat' dir='ltr'>quoque</span> <span class='ocrx_word' id='word_1_121' title='bbox 509 2438 545 2510; x_wconf 92' lang='lat' dir='ltr'>in</span> <span class='ocrx_word' id='word_1_122' title='bbox 567 2463 611 2512; x_wconf 92' lang='lat' dir='ltr'>eo</span> <span class='ocrx_word' id='word_1_123' title='bbox 632 2435 829 2534; x_wconf 87' lang='lat' dir='ltr'>argumenti</span> <span class='ocrx_word' id='word_1_124' title='bbox 852 2437 913 2516; x_wconf 73' lang='lat' dir='ltr'>vi:</span> <span class='ocrx_word' id='word_1_125' title='bbox 941 2437 1040 2533; x_wconf 92' lang='lat' dir='ltr'>quod</span> <span class='ocrx_word' id='word_1_126' title='bbox 1067 2464 1150 2512; x_wconf 93' lang='lat' dir='ltr'>cum</span> <span class='ocrx_word' id='word_1_127' title='bbox 1175 2466 1222 2512; x_wconf 90' lang='lat' dir='ltr'>re·</span> 
     </span>
     <span class='ocr_line' id='line_1_20' title="bbox 340 2552 1220 2654; baseline -0.001 -25"><span class='ocrx_word' id='word_1_128' title='bbox 340 2575 520 2654; x_wconf 85' lang='lat' dir='ltr'>peteretur</span> <span class='ocrx_word' id='word_1_129' title='bbox 536 2553 595 2627; x_wconf 90' lang='lat' dir='ltr'>hic</span> <span class='ocrx_word' id='word_1_130' title='bbox 614 2579 740 2627; x_wconf 88' lang='lat' dir='ltr'>census</span> <span class='ocrx_word' id='word_1_131' title='bbox 757 2579 823 2652; x_wconf 93' lang='lat' dir='ltr'>pro</span> <span class='ocrx_word' id='word_1_132' title='bbox 843 2557 979 2652; x_wconf 89' lang='lat' dir='ltr'>templo</span> <span class='ocrx_word' id='word_1_133' title='bbox 1000 2552 1094 2642; x_wconf 92' lang='lat' dir='ltr'>Dei,</span> <span class='ocrx_word' id='word_1_134' title='bbox 1112 2554 1220 2630; x_wconf 87' lang='lat' dir='ltr'>Filius</span> 
     </span>
     <span class='ocr_line' id='line_1_21' title="bbox 338 2670 1220 2770; baseline -0.002 -24"><span class='ocrx_word' id='word_1_135' title='bbox 338 2671 417 2746; x_wconf 91' lang='lat' dir='ltr'>Dei</span> <span class='ocrx_word' id='word_1_136' title='bbox 434 2674 479 2746; x_wconf 86' lang='lat' dir='ltr'>ab</span> <span class='ocrx_word' id='word_1_137' title='bbox 493 2698 537 2746; x_wconf 92' lang='lat' dir='ltr'>eo</span> <span class='ocrx_word' id='word_1_138' title='bbox 556 2670 751 2770; x_wconf 84' lang='lat' dir='ltr'>pendendo</span> <span class='ocrx_word' id='word_1_139' title='bbox 770 2670 911 2768; x_wconf 86' lang='lat' dir='ltr'>utique,</span> <span class='ocrx_word' id='word_1_140' title='bbox 932 2675 1100 2768; x_wconf 86' lang='lat' dir='ltr'>exemplo</span> <span class='ocrx_word' id='word_1_141' title='bbox 1116 2672 1220 2746; x_wconf 89' lang='lat' dir='ltr'>etiam</span> 
     </span>
     <span class='ocr_line' id='line_1_22' title="bbox 339 2788 1220 2883; baseline 0.005 -22"><span class='ocrx_word' id='word_1_142' title='bbox 339 2789 496 2882; x_wconf 79' lang='lat' dir='ltr'>filiorum</span> <span class='ocrx_word' id='word_1_143' title='bbox 520 2814 644 2883; x_wconf 87' lang='lat' dir='ltr'>regum</span> <span class='ocrx_word' id='word_1_144' title='bbox 666 2809 907 2874; x_wconf 88' lang='lat' dir='ltr'>terrenorum,</span> <span class='ocrx_word' id='word_1_145' title='bbox 945 2788 1006 2883; x_wconf 92' lang='lat' dir='ltr'>qui</span> <span class='ocrx_word' id='word_1_146' title='bbox 1033 2814 1054 2864; x_wconf 87' lang='lat' dir='ltr'>a</span> <span class='ocrx_word' id='word_1_147' title='bbox 1079 2788 1220 2864; x_wconf 84' lang='lat' dir='ltr'>tributis</span> 
     </span>
    </p>
   </div>
   <div class='ocr_carea' id='block_1_3' title="bbox 327 2900 1216 2991">
    <p class='ocr_par' dir='ltr' id='par_1_3' title="bbox 327 2900 1216 2991">
     <span class='ocr_line' id='line_1_23' title="bbox 327 2900 1216 2991; baseline -0.004 -9"><span class='ocrx_word' id='word_1_148' title='bbox 327 2904 512 2982; x_wconf 70' lang='lat' dir='ltr'>immunes</span> <span class='ocrx_word' id='word_1_149' title='bbox 536 2930 611 2980; x_wconf 88' lang='lat' dir='ltr'>esse</span> <span class='ocrx_word' id='word_1_150' title='bbox 635 2905 792 2991; x_wconf 81' lang='lat' dir='ltr'>soleant,</span> <span class='ocrx_word' id='word_1_151' title='bbox 818 2900 909 2978; x_wconf 81' lang='lat' dir='ltr'>liber</span> <span class='ocrx_word' id='word_1_152' title='bbox 932 2929 1008 2978; x_wconf 88' lang='lat' dir='ltr'>esse</span> <span class='ocrx_word' id='word_1_153' title='bbox 1035 2904 1216 2980; x_wconf 88' lang='lat' dir='ltr'>debuerat.</span> 
     </span>
    </p>
   </div>
   <div class='ocr_carea' id='block_1_4' title="bbox 670 287 921 434">
    <p class='ocr_par' dir='ltr' id='par_1_4' title="bbox 670 249 1263 434">
     <span class='ocr_line' id='line_1_24' title="bbox 670 287 921 434; baseline -0.007 0"><span class='ocrx_word' id='word_1_154' title='bbox 670 287 921 434; x_wconf 51' lang='grc' dir='ltr'>,Ε</span> 
     </span>
    </p>
   </div>
   <div class='ocr_carea' id='block_1_5' title="bbox 287 3138 1217 4055">
    <p class='ocr_par' dir='ltr' id='par_1_5' title="bbox 287 3138 1217 4055">
     <span class='ocr_line' id='line_1_25' title="bbox 287 3138 1217 3238; baseline 0.004 -26"><span class='ocrx_word' id='word_1_155' title='bbox 287 3161 292 3170; x_wconf 93' lang='grc'><strong><em>·</em></strong></span> <span class='ocrx_word' id='word_1_156' title='bbox 411 3139 485 3214; x_wconf 92' lang='lat' dir='ltr'>Ubi</span> <span class='ocrx_word' id='word_1_157' title='bbox 504 3166 593 3216; x_wconf 91' lang='lat' dir='ltr'>vero</span> <span class='ocrx_word' id='word_1_158' title='bbox 614 3139 703 3216; x_wconf 92' lang='lat' dir='ltr'>illud</span> <span class='ocrx_word' id='word_1_159' title='bbox 724 3157 805 3216; x_wconf 89' lang='lat' dir='ltr'>ante</span> <span class='ocrx_word' id='word_1_160' title='bbox 830 3138 950 3214; x_wconf 91' lang='lat' dir='ltr'>omnia</span> <span class='ocrx_word' id='word_1_161' title='bbox 973 3139 1156 3238; x_wconf 87' lang='lat' dir='ltr'>praecipua</span> <span class='ocrx_word' id='word_1_162' title='bbox 1180 3167 1217 3216; x_wconf 89' lang='lat' dir='ltr'>ac</span> 
     </span>
     <span class='ocr_line' id='line_1_26' title="bbox 331 3245 1215 3356; baseline -0.001 -25"><span class='ocrx_word' id='word_1_163' title='bbox 331 3257 502 3354; x_wconf 75' lang='lat' dir='ltr'>singulari</span> <span class='ocrx_word' id='word_1_164' title='bbox 526 3245 813 3334; x_wconf 84' lang='lat' dir='ltr'>consideratione</span> <span class='ocrx_word' id='word_1_165' title='bbox 839 3255 986 3352; x_wconf 87' lang='lat' dir='ltr'>dignum</span> <span class='ocrx_word' id='word_1_166' title='bbox 1014 3277 1087 3346; x_wconf 82' lang='lat' dir='ltr'>est,</span> <span class='ocrx_word' id='word_1_167' title='bbox 1116 3259 1215 3356; x_wconf 89' lang='lat' dir='ltr'>quod</span> 
     </span>
     <span class='ocr_line' id='line_1_27' title="bbox 338 3372 1214 3464; baseline 0 -18"><span class='ocrx_word' id='word_1_168' title='bbox 338 3375 504 3454; x_wconf 86' lang='lat' dir='ltr'>Christus</span> <span class='ocrx_word' id='word_1_169' title='bbox 534 3394 605 3448; x_wconf 87' lang='lat' dir='ltr'>tam</span> <span class='ocrx_word' id='word_1_170' title='bbox 635 3372 831 3448; x_wconf 84' lang='lat' dir='ltr'>admirabili</span> <span class='ocrx_word' id='word_1_171' title='bbox 864 3375 976 3448; x_wconf 92' lang='lat' dir='ltr'>modo</span> <span class='ocrx_word' id='word_1_172' title='bbox 1007 3400 1049 3448; x_wconf 88' lang='lat' dir='ltr'>ac</span> <span class='ocrx_word' id='word_1_173' title='bbox 1076 3375 1214 3464; x_wconf 87' lang='lat' dir='ltr'>ratione</span> 
     </span>
     <span class='ocr_line' id='line_1_28' title="bbox 335 3484 1213 3578; baseline 0 -14"><span class='ocrx_word' id='word_1_174' title='bbox 335 3493 443 3568; x_wconf 83' lang='lat' dir='ltr'>Petro</span> <span class='ocrx_word' id='word_1_175' title='bbox 465 3490 501 3562; x_wconf 91' lang='lat' dir='ltr'>in</span> <span class='ocrx_word' id='word_1_176' title='bbox 527 3490 735 3567; x_wconf 87' lang='lat' dir='ltr'>memoriam</span> <span class='ocrx_word' id='word_1_177' title='bbox 760 3509 905 3564; x_wconf 88' lang='lat' dir='ltr'>revocet</span> <span class='ocrx_word' id='word_1_178' title='bbox 931 3484 1213 3578; x_wconf 79' lang='lat' dir='ltr'>confessionem,</span> 
     </span>
     <span class='ocr_line' id='line_1_29' title="bbox 336 3606 1214 3698; baseline -0.003 -16"><span class='ocrx_word' id='word_1_179' title='bbox 336 3629 411 3690; x_wconf 84' lang='lat' dir='ltr'>noo</span> <span class='ocrx_word' id='word_1_180' title='bbox 439 3606 555 3682; x_wconf 85' lang='lat' dir='ltr'>multis</span> <span class='ocrx_word' id='word_1_181' title='bbox 579 3606 709 3680; x_wconf 90' lang='lat' dir='ltr'>abhinc</span> <span class='ocrx_word' id='word_1_182' title='bbox 728 3606 853 3680; x_wconf 90' lang='lat' dir='ltr'>diebus</span> <span class='ocrx_word' id='word_1_183' title='bbox 874 3606 919 3680; x_wconf 88' lang='lat' dir='ltr'>ab</span> <span class='ocrx_word' id='word_1_184' title='bbox 945 3633 989 3681; x_wconf 86' lang='lat' dir='ltr'>eo</span> <span class='ocrx_word' id='word_1_185' title='bbox 1006 3608 1156 3698; x_wconf 76' lang='lat' dir='ltr'>iactam,</span> <span class='ocrx_word' id='word_1_186' title='bbox 1182 3626 1214 3680; x_wconf 89' lang='lat' dir='ltr'>et</span> 
     </span>
     <span class='ocr_line' id='line_1_30' title="bbox 333 3721 1212 3823; baseline -0.007 -21"><span class='ocrx_word' id='word_1_187' title='bbox 333 3727 491 3823; x_wconf 82' lang='lat' dir='ltr'>gloriosa</span> <span class='ocrx_word' id='word_1_188' title='bbox 517 3722 822 3822; x_wconf 83' lang='lat' dir='ltr'>transfiguratione</span> <span class='ocrx_word' id='word_1_189' title='bbox 855 3721 893 3796; x_wconf 91' lang='lat' dir='ltr'>in</span> <span class='ocrx_word' id='word_1_190' title='bbox 923 3744 1047 3798; x_wconf 87' lang='lat' dir='ltr'>monte</span> <span class='ocrx_word' id='word_1_191' title='bbox 1071 3725 1110 3798; x_wconf 92' lang='lat' dir='ltr'>in</span> <span class='ocrx_word' id='word_1_192' title='bbox 1139 3725 1212 3799; x_wconf 88' lang='lat' dir='ltr'>eius</span> 
     </span>
     <span class='ocr_line' id='line_1_31' title="bbox 334 3837 1211 3938; baseline -0.003 -23"><span class='ocrx_word' id='word_1_193' title='bbox 334 3841 453 3920; x_wconf 83' lang='lat' dir='ltr'>animo</span> <span class='ocrx_word' id='word_1_194' title='bbox 483 3842 666 3918; x_wconf 84' lang='lat' dir='ltr'>firmatam.</span> <span class='ocrx_word' id='word_1_195' title='bbox 727 3837 990 3936; x_wconf 84' lang='lat' dir='ltr'>Argumentum</span> <span class='ocrx_word' id='word_1_196' title='bbox 1019 3869 1039 3914; x_wconf 91' lang='lat' dir='ltr'>a</span> <span class='ocrx_word' id='word_1_197' title='bbox 1068 3842 1211 3938; x_wconf 83' lang='lat' dir='ltr'>regibus</span> 
     </span>
     <span class='ocr_line' id='line_1_32' title="bbox 332 3957 1212 4055; baseline -0.001 -23"><span class='ocrx_word' id='word_1_198' title='bbox 332 3980 455 4048; x_wconf 84' lang='lat' dir='ltr'>terrae,</span> <span class='ocrx_word' id='word_1_199' title='bbox 490 3971 646 4055; x_wconf 83' lang='lat' dir='ltr'>quorum</span> <span class='ocrx_word' id='word_1_200' title='bbox 672 3957 736 4034; x_wconf 86' lang='lat' dir='ltr'>filii</span> <span class='ocrx_word' id='word_1_201' title='bbox 759 3983 780 4032; x_wconf 85' lang='lat' dir='ltr'>a</span> <span class='ocrx_word' id='word_1_202' title='bbox 810 3957 948 4036; x_wconf 87' lang='lat' dir='ltr'>tributis</span> <span class='ocrx_word' id='word_1_203' title='bbox 979 3959 1082 4035; x_wconf 91' lang='lat' dir='ltr'>liberi</span> <span class='ocrx_word' id='word_1_204' title='bbox 1108 3963 1212 4047; x_wconf 84' lang='lat' dir='ltr'>lunt,</span> 
     </span>
    </p>
   </div>
   <div class='ocr_carea' id='block_1_6' title="bbox 0 0 1288 4680">
    <p class='ocr_par' dir='ltr' id='par_1_6' title="bbox 0 0 1288 4680">
     <span class='ocr_line' id='line_1_33' title="bbox 0 0 1288 4680; baseline 0 6"><span class='ocrx_word' id='word_1_205' title='bbox 0 0 1288 4680; x_wconf 95' lang='lat' dir='ltr'> </span> 
     </span>
    </p>
   </div>
  </div>
 </body>
</html>
