2438 4566
368 312 371 317 ¹
412 310 644 324 *-

892 299 968 372 307

76 443 294 528 ¹peccatum,
316 422 414 497 utin
436 425 637 521 proverbiis
658 427 825 525 scriptum
849 451 901 504 cst
922 430 972 523 a),
998 430 1115 495 Cam

80 549 291 621 vulneratos
314 547 445 615 multos
463 543 623 639 pondere
649 544 787 634 deiicit,
813 568 848 619 et
867 540 1135 623 unus-LXXXVU‘

82 662 240 760 quisque
263 659 394 732 catenis
419 679 647 755 peccatorum
672 663 814 734 suorum
839 634 1129 762 stringissVW⁴

80 798 153 853 tur.
207 776 329 849 Virtus
356 796 472 848 autem
496 802 578 863 eos,
606 777 666 870 qui
693 804 729 849 se
755 783 974 877 amplectun-

80 913 161 982 tur,
186 893 367 980 vivificat,
391 892 482 965 etin
505 897 614 964 altum
637 893 754 989 erigit,
777 899 871 969 utin
893 927 974 997 ρῑο-Ι

81 1008 218 1087 verbiis
246 1009 374 1081 dicitur
401 1006 463 1098 b):
499 1018 630 1094 Lignum
660 1022 731 1082 uita
758 1035 802 1084 est
828 1028 889 1103 iis,
916 1031 974 1109 qni

82 1140 188 1219 ipsam
215 1136 465 1216 amplectuntur,
493 1144 528 1196 et
554 1125 588 1195 in
608 1125 772 1200 Psalmis:
801 1140 972 1224 Suscipiens

81 1264 261 1317 mansuetos
292 1251 453 1312 Dominus·
521 1240 659 1314 Idcirco
686 1267 869 1341 peccatum
897 1251 973 1346 qui·

82 1362 169 1434 dem
190 1358 384 1458 symbolice
404 1383 484 1430 cum
508 1361 641 1430 talento
666 1362 835 1454 plumbeo
855 1362 891 1453 c>
915 1369 976 1440 de.

81 1503 240 1550 mersum
274 1474 513 1570 conspicitur,
556 1474 640 1570 quia'
669 1477 721 1547 soi
754 1483 905 1552 cultores
936 1483 997 1558 id*

81 1594 306 1693 profundum
333 1588 526 1663 inferorum
555 1589 683 1663 deiicit.
747 1592 890 1684 Quibus
913 1623 972 1670 au.

82 1730 157 1785 tem
184 1710 304 1781 insunt
336 1707 450 1778 carnis
479 1706 642 1803 pondera
674 1728 708 1780 et
736 1712 975 1806 cupiditates,

84 1826 215 1914 eriis,
252 1824 315 1921 qui
332 1808 365 1904 ‚a
397 1842 547 1921 peccato
577 1823 863 1915 circumdantur,
895 1858 973 1905 non

82 1945 239 2019 liberum
254 1943 346 2015 ,sane
369 1959 422 2011 est
446 1940 572 2012 oculos
602 1943 648 2012 ad
673 1941 794 2014 Deum
827 1945 974 2041 erigere.

83 2059 340 2153 Jngumitaque
359 2055 545 2131 servatoris
557 2065 663 2145 suave
680 2079 742 2144 est,
764 2083 795 2130 tt
812 2090 888 2133 onus
906 2075 974 2138 cius

81 2178 196 2251 leod
245 2173 332 2244 Haec
357 2172 388 2245 S.
412 2169 650 2265 Athanasius't⁴
674 2174 863 2271 respiciens
885 2203 974 2275 quo.=

82 2320 158 2392 que
189 2291 373 2389 prophetae
404 2289 584 2362 Zachariae
614 2270 757 2378 locum,
794 2319 901 2388 quem
933 2297 973 2370 in

82 2408 245 2484 medium
282 2407 419 2503 profert
461 2405 495 2478 S.
536 2405 778 2502 Hieronymus
812 2410 851 2480 in
881 2410 917 2482 h.
946 2415 971 2486 l.

84 2525 256 2617 „Gravia
282 2531 413 2609 onera,
448 2520 563 2616 inquit
589 2519 653 2610 d),
693 2547 767 2594 esse
783 2539 943 2620 'peccata
958 2584 973 2615 ‚

85 2663 125 2718 et
144 2640 332 2716 Zacharias
356 2638 533 2736 propheta
555 2657 720 2725 testatur,
749 2640 888 2713 dicens:
916 2656 975 2714 ini.

84 2773 242 2855 quitatem
250 2762 465 2845 sederesuper
485 2764 635 2826 talentum
645 2765 776 2845 plumbi.
816 2757 864 2830 Et
880 2758 974 2832 Psal-

85 2877 192 2950 mista
221 2877 443 2969 complorat:
485 2881 670 2963 Iniquitatcs
695 2899 764 2943 meae
795 2900 974 2959 aggravata

76 3002 159 3085 sunt
170 2999 269 3082 super
296 3018 353 3060 mc.
404 2986 474 3058 Vel
500 3008 594 3059 certe
618 3015 700 3075 eos,
729 2989 790 3084 qui
813 2992 877 3063 sub
898 3020 972 3088 gra·

88 3107 237 3185 vissimo
261 3107 350 3201 legis
377 3105 463 3198 iugo
485 3104 756 3199 premebantum
783 3107 828 3176 ad
854 3108 973 3180 Evan-

90 3225 174 3327 gelii
195 3223 319 3297 invitat
336 3218 494 3317 gratiam.
532 3229 646 3304 Jugum
667 3233 744 3290 enim
762 3250 861 3293 mcum
869 3233 977 3311 fitaue'

91 3367 162 3431 est,
199 3370 231 3415 et
255 3369 331 3411 onus
358 3365 458 3408 mcum
480 3347 562 3410 leve.
632 3336 833 3428 Quomodo
857 3343 975 3426 levius

92 3464 174 3557 lege
205 3454 465 3551 Evangelium‚
502 3478 611 3550 quum
646 3455 683 3525 in
717 3459 794 3550 lege
829 3457 976 3528 homici-

99 3578 219 3665 dium,
253 3576 291 3647 in
321 3572 522 3668 Evangelio
553 3573 604 3644 ira
638 3573 853 3646 damnetur?
893 3573 978 3664 Qua

137 3760 268 3842 ⁰)1’rw·
286 3757 317 3815 V·
334 3774 376 3813 22·
461 3758 491 3831 t)
507 3757 546 3812 n.
559 3745 617 3816 ιη’.
634 3769 673 3816 rr.
759 3756 788 3826 a)
805 3754 883 3808 aava.
902 3752 933 3809 n.
947 3756 975 3822 ς,

186 3847 219 3922 d)
240 3845 299 3905 lib
321 3843 364 3901 lu
385 3843 415 3900 in
434 3841 535 3902 Marta.
557 3855 609 3911 αφ.
636 3837 687 3895 XI.
715 3839 746 3900 T,
770 3838 823 3900 IV,
844 3851 870 3908 9,
887 3852 933 3907 453

608 3938 695 4013 Va
