2574 4682
683 299 915 336 m
977 286 982 301 ‘

684 339 914 356 m

370 315 444 398 1461

227 459 340 520 emur
367 485 465 546 esse,
502 478 540 530 ut
564 456 659 543 dixi,
696 457 966 552 quodammodo
988 458 1133 531 limitem
1167 457 1255 532 Do·

237 577 321 634 ΝΗ·
367 577 481 646 minos
506 575 582 671 ipse
602 594 744 645 testatur
769 574 913 646 dicens:
947 584 1012 647 Lex
1040 596 1070 647 er
1086 587 1255 666 propheta

212 693 459 783 warnae
486 701 530 761 od
555 700 705 770 Joomrem
730 701 908 782 baptistam.
973 691 1132 764 Sustinet
1157 719 1249 788 ergo

184 818 189 826 “
365 833 554 905 personam
576 807 774 891 vetustatis,
804 829 839 880 et
865 806 1081 904 praeconium
1107 808 1252 879 novita-

366 925 426 1010 tis;
453 943 599 1019 propter
614 921 802 1018 personam
815 924 1014 1010 vetustatis,
1036 924 1080 996 de
1099 924 1250 996 senibus

364 1041 533 1114 nascitur:
558 1058 703 1135 propter
719 1064 908 1135 personam
922 1040 1105 1125 novitatis,
1127 1039 1165 1110 in
1176 1042 1250 1112 vis-

362 1157 500 1230 ceribus
527 1157 644 1228 matris
668 1153 843 1252 propheta
867 1155 1107 1229 declaratur.“
1159 1158 1266 1230 Hoc.

361 1271 467 1370 igitur
493 1293 655 1369 respectu
679 1273 965 1369 attestante'ipso
989 1273 1155 1360 Christo,
1184 1303 1246 1344 non

258 1402 262 1416 ’
351 1399 499 1480 surrexit¹
516 1403 616 1462 maior
635 1402 714 1462 inter
736 1406 826 1460 nator
848 1402 1007 1462 mulierum
1028 1400 1149 1471 Joonne
1170 1404 1250 1480 Imp-

362 1520 462 1580 risro:
499 1521 553 1599 qai
579 1529 683 1578 aurem
713 1518 811 1575 minor
835 1529 880 1578 esc
904 1521 1053 1591 integrao
1079 1517 1246 1594 colorum,

362 1638 462 1714 maior
492 1645 537 1695 est
566 1633 629 1694 iHo.
693 1621 861 1718 Regnum
894 1626 1064 1695 coelorum
1090 1648 1248 1717 regnum

363 1762 417 1814 est
434 1739 580 1812 Messio
600 1739 776 1835 praesentis
802 1738 883 1811 vitae
907 1757 942 1810 et
959 1760 1097 1811 aeternae
1120 1739 1158 1810 in
1177 1741 1249 1812 Ec-

363 1856 466 1929 clesia
490 1853 647 1940 Christi,
673 1879 707 1926 et
731 1877 861 1926 aeterna
889 1856 1007 1952 patria.
1067 1855 1246 1952 Regnum

361 1973 432 2044 hoc
459 1995 656 2068 praecursor
679 1969 830 2041 Domini
852 1972 887 2041 in
912 1971 1030 2068 spiritu
1053 1991 1088 2044 et
1109 1973 1247 2045 virtute

361 2089 446 2160 Eliae
470 2087 690 2160 denuntiavit
712 2087 843 2185 primus
863 2088 895 2164 S.
912 2083 1065 2161 Joannes
1085 2092 1247 2162 clamans

360 2205 398 2278 in
424 2206 565 2276 deserto
593 2225 624 2276 er
653 2213 774 2275 dicens.-
813 2213 1027 2280 Paenitentiam
1057 2218 1158 2292 agite,
1189 2237 1248 2298 ap-

302 2415 303 2420 *
355 2333 584 2414 propinquavit
611 2317 733 2406 regnam
765 2329 833 2392 Dei.
901 2321 1245 2416 „Consequenter,

360 2439 441 2510 funt
459 2437 567 2509 verba
589 2437 624 2508 Si
651 2435 861 2536 Hieronymi
882 2437 919 2508 in
942 2464 1019 2534 cap.
1041 2439 1107 2509 XI.
1140 2440 1246 2512 Mat·

361 2554 440 2625 thaei
467 2550 529 2643 a),
567 2583 590 2624 o
615 2564 718 2626 diebus
747 2566 829 2626 illias
854 2583 977 2640 regnum
1003 2563 1142 2650 calorum
1175 2570 1246 2626 vim

355 2685 505 2762 potitor,
542 2693 572 2743 ct
596 2677 726 2744 violenti
751 2683 901 2761 diripiunt
929 2681 1014 2742 illud.
1081 2669 1244 2742 Grandis

361 2788 454 2858 enirn
477 2806 529 2857 est
549 2789 741 2874 violentia,
768 2787 804 2856 in
827 2808 917 2858 terra
939 2813 1005 2858 nos
1032 2813 1107 2859 esse
1133 2813 1245 2882 gene-

358 2921 473 2987 ratos,
503 2922 538 2972 et
567 2905 736 2972 coelorum
767 2902 883 2974 sedem
913 2929 1087 3000 quaerere:
1124 2906 1245 3001 possi—

360 3019 443 3116 dere
469 3024 530 3112 per
548 3017 733 3105 virtutem,
759 3016 858 3115 quod
881 3047 953 3092 non
974 3022 1152 3092 tenuimus
1179 3051 1244 3119 per

360 3153 528 3207 naturam.v
582 3134 776 3208 cessarunt
804 3156 887 3210 tunc
910 3137 1064 3224 umbrae,-
1093 3158 1128 3211 et
1151 3139 1246 3234 figu-

358 3271 403 3322 rae
425 3252 565 3324 venturi
589 3253 754 3340 Messiae,
778 3281 882 3348 quem
904 3281 1027 3326 omnes
1050 3256 1243 3351 prophetat

357 3391 393 3441 et
411 3373 470 3466 lex
493 3393 604 3463 usque
625 3371 670 3440 ad
687 3369 859 3443 Joannem
886 3370 1210 3467 prophetaverunt.
1222 3375 1246 3408 “

359 3479 521 3559 Cessavir
543 3479 742 3581 respublica
762 3467 798 3560 ei
815 3513 963 3584 regnum
984 3475 1162 3560 terrenum
1188 3489 1246 3560 Ju-

266 3689 268 3696 ,
354 3604 520 3689 deinum,
560 3601 644 3672 dum
675 3595 828 3675 Joannes
857 3605 963 3702 coepit
993 3605 1242 3702 praenunciare

354 3745 504 3813 regnum
525 3721 722 3790 coelorum‘.'
758 3724 991 3808 Paenitentiam,
1012 3720 1151 3814 inquit,
1178 3735 1243 3807 agi·

353 3857 406 3906 re:
435 3857 543 3928 quam
574 3835 731 3908 illoram
760 3830 898 3908 austera
925 3838 1062 3911 vitain
1093 3837 1240 3912 deserto

396 3973 776 4060 mfflmnm''
