2438 4566
307 324 379 393 124

164 448 278 513 Ostur
304 454 408 526 aliam
446 462 607 525 removet
640 445 907 537 causationem,
951 444 1171 545 ostenditque

195 568 239 623 tt.
300 570 359 657 id,
393 568 493 666 quod
515 582 618 665 putet
642 562 724 660 quis
748 590 889 640 causam
915 590 993 638 esse
1016 562 1172 639 sollicita·
1208 632 1213 684 t

147 680 412 772 Wdinis,
438 681 557 781 potius
575 680 746 755 idoneum
770 706 846 755 esse
867 682 1014 755 adeam
1037 680 1172 779 abigen·
1209 685 1213 710 ¹

305 805 397 875 dam.
471 850 495 886 „
505 798 671 893 Quodsi,
704 794 907 895 inquito),
942 800 1066 889 dicas,
1097 796 1174 873 ideo

303 946 361 991 me
379 914 566 989 sollicitum
587 941 663 989 esse
684 936 848 1013 oportet,
876 916 960 1014 quia
983 914 1174 991 necessaris
1209 905 1213 971 !

302 1037 400 1107 funt:
429 1058 499 1129 ego
522 1052 647 1107 contra
664 1034 886 1131 respondeo,
911 1033 998 1107 ideo
1020 1060 1069 1107 nt
1092 1030 1173 1107 tolti

302 1150 391 1222 citus
420 1149 486 1237 fis,
526 1148 609 1245 quia
637 1150 833 1223 necessaria
859 1153 953 1247 snut.
1018 1148 1169 1223 sienim
1208 1176 1212 1188 ·

299 1264 479 1364 superflua
493 1282 631 1351 essent,
656 1290 772 1363 neque
789 1266 836 1339 fic
853 1268 1117 1366 desperandum
1128 1264 1172 1341 ἁ·

299 1404 376 1473 set,
412 1384 474 1457 sed
495 1380 752 1458 confidendum
790 1408 830 1458 ea
863 1382 930 1455 tibi
963 1380 1170 1483 suppeditati

299 1526 427 1597 posse:
452 1499 639 1596 quievero
660 1499 853 1573 necessaria
871 1501 971 1587 sunt,
993 1525 1071 1572 non
1089 1502 1170 1573 ultnt
1209 1540 1212 1547 ·

302 1616 480 1712 ambigere
502 1608 657 1713 eportet,
706 1614 798 1709 Quis
825 1614 921 1689 enim
942 1608 1050 1689 Pater
1072 1614 1170 1713 negli-

302 1756 365 1830 gat
381 1733 461 1806 filiis
478 1731 548 1805 suis
567 1730 765 1805 necessaria
780 1732 1000 1831 praebere?“
1034 1732 1168 1831 Nempe

304 1850 466 1922 Christus
494 1866 531 1921 et
555 1847 614 1919 hic
637 1872 918 1948 praeoccupans‚
954 1849 1044 1947 quid
1073 1846 1169 1923 nobit
1209 1880 1211 1888 ·

301 1968 436 2037 summe
475 1964 711 2037 necessarium
753 1966 819 2055 fit,
863 1966 1070 2063 subiungier
1114 1974 1168 2037 tat
1209 2046 1211 2051 ,

302 2095 403 2170 mim,
437 2080 572 2177 inquit,
600 2092 696 2153 Pater
716 2104 839 2171 vester,
866 2096 943 2177 qnia
966 2094 1018 2155 Iris
1042 2090 1170 2155 omnbus

301 2210 455 2285 indigetis.
503 2207 634 2292 ,Quarite
648 2226 723 2285 ergo
740 2212 877 2291 primum
896 2228 1021 2287 regnum
1041 2208 1105 2273 Dei
1111 2216 1170 2289 ,tt

299 2327 456 2388 iustitiam
481 2327 569 2388 eins:
605 2336 637 2387 et
659 2325 718 2387 lraec
745 2329 849 2389 omnia
871 2326 1058 2390 adicientur·
1080 2326 1170 2391 votis.

307 2442 409 2505 Nolite
427 2460 496 2519 crgo
507 2440 640 2521 sufficiti
660 2460 722 2505 esse
741 2445 775 2505 in
797 2448 974 2507 crastinum.
1023 2444 1174 2517 crastinus

303 2554 1175 2643 mMfflmmffifflmfflffl

303 2673 512 2754 malitiosum
555 2666 629 2752 „Id
649 2685 716 2752 est,
737 2686 997 2739 commentatur-
1013 2666 1174 2775 apposite

303 2784 349 2855 ad
369 2782 521 2879 primum
545 2808 564 2855 a
587 2780 693 2854 nobis
714 2781 808 2854 dicta
833 2782 879 2855 de
905 2782 1119 2857 anxiatum
1141 2798 1175 2855 et

299 2897 534 2972 sollicitudine
564 2896 596 2969 S.
626 2894 930 2994 Chrysostomu53
965 2900 1108 2973 miseria
1130 2916 1175 2971 at-

299 3040 369 3111 que
392 3012 566 3087 contritio.
627 3012 717 3087 Non
739 3014 868 3089 sufficit
892 3016 955 3090 tibi
980 3017 1020 3089 in
1044 3010 1175 3091 sudore

299 3136 419 3207 vultus
448 3130 717 3206 tui'comedere
750 3158 881 3230 panem
915 3134 1057 3206 tuum?-
1100 3132 1172 3207 Cur

299 3248 403 3320 aliam
426 3248 545 3321 adiicis
568 3274 614 3320 ex
633 3248 868 3325 sollicitudine
890 3250 1087 3340 miseriam,
1113 3248 1174 3348 qui

299 3392 320 3436 a
348 3362 539 3461 prioribus
553 3390 589 3437 es
618 3364 821 3440 liberandus
847 3367 1042 3441 laboribus.
1056 3371 1081 3423 ‘5
1140 3366 1173 3440 S.

296 3481 538 3577 Hieronymus
554 3476 592 3570 b)
607 3482 775 3563 malitiam
791 3483 849 3557 hic
868 3484 940 3556 diei
952 3487 1048 3571 vult,
1068 3510 1176 3583 quam

295 3600 399 3690 graeci
427 3599 612 3688 κακουχίαν
635 3604 839 3696 appellant,
877 3601 913 3673 in
940 3601 1029 3675 illud
1053 3604 1178 3675 Eccle-

296 3712 430 3785 siastis:
471 3727 554 3805 Vidi
568 3728 714 3789 universa
734 3746 850 3810 opera,
884 3746 948 3812 ραι
974 3730 1076 3808 facta
1094 3728 1176 3811 fimi

336 3896 367 3970 a)
389 3894 464 3953 Hom.
487 3897 600 3959 XXII.
629 3903 657 3954 in
678 3900 777 3961 Mattt.
800 3920 827 3963 tt.
850 3917 876 3961 2·
907 3902 940 3967 Τ·
966 3903 1034 3969 ΠΙ·
1059 3916 1090 3974 t·
1112 3918 1174 3974 277·

376 3978 692 4055 Uflstmm?
