2438 4566
366 309 370 319 ¹
406 278 646 333 ···—--'··'—--··
887 288 961 381 269

73 454 137 512 est
160 430 312 507 domino
332 430 396 504 suo
415 430 614 506 obstrictus.
674 430 823 527 Quanto
844 455 961 510 autem
980 436 1096 502 Curuo

73 552 196 648 magis
229 575 296 622 nos
325 549 413 622 [ervi
443 540 597 622 Domini
627 549 881 640 dominorum,
916 555 1105 626 etrxxrx.

73 672 168 744 dem
192 666 331 740 servitia
354 683 475 737 nostra
496 647 666 739 exhibere
689 687 874 748 tenemur,
902 670 1113 767 quiW&

73 784 200 863 nostri
217 783 380 880 quidem,
403 800 439 853 et
459 781 640 855 bonorum
660 795 862 859 nostrorum
881 813 966 884 ope·
1056 836 1058 841 -
1116 821 1118 826 ·
1197 781 1202 793 ’

72 929 164 979 rum
183 927 259 974 uon
285 918 383 994 eget,
404 898 464 969 fed
480 924 549 995 pro
566 898 710 991 infinita?
724 901 966 978 misericordia

73 1022 147 1094 {uit
166 1015 360 1091 ministerio
383 1023 507 1088 nostro
528 1014 659 1103 utitur,
673 1019 879 1098 *mercedem
901 1048 964 1095 no-

74 1135 142 1211 bis
167 1134 390 1231 ¹redditurus,
416 1145 495 1228 qu'ae
518 1130 555 1203 in
576 1116 708 1205 nullam
732 1123 966 1235 comparatio·

75 1279 168 1327 uem
205 1276 329 1325 venue
364 1268 479 1346 possit
516 1271 597 1321 cum
632 1275 697 1337 ns,
740 1277 964 1352 quaeeunque
1082 1252 1092 1272 ⁴

72 1369 221 1468 agimus
245 1365 336 1440 servi
358 1364 457 1437 omni
477 1389 523 1436 ex
546 1383 645 1461 parte
666 1365 836 1443 inutiles?
863 1370 965 1444 Nihil

80 1485 180 1561 cuim
196 1483 356 1571 facimus,
373 1499 479 1576 quam
497 1480 597 1581 quod
615 1465 787 1557 debemus
797 1465 963 1560 Domino

79 1599 235 1697 creatori
265 1617 301 1672 et
328 1580 519 1670 redemtori
541 1616 688 1686 nostro,
715 1599 772 1672 oui
789 1600 967 1698 quidquid

80 1721 227 1806 fumus,
261 1720 296 1789 et
319 1724 532 1812 possumus,¹
559 1737 604 1817 eo
631 1715 744 1812 magis
771 1718 966 1807 debemus,

79 1835 186 1935 quod
211 1834 248 1906 id
272 1832 389 1929 ipsum
408 1831 506 1928 quod
527 1830 692 1921 tacimus,
718 1861 794 1906 non
818 1862 839 1908 a
860 1835 967 1908 nobis

80 1951 167 2052 ipsis
192 1950 254 2024 sed
284 1951 345 2024 sua
369 1949 479 2046 gratia
507 1949 566 2038 fit,
593 1949 655 2046 qui
680 1977 746 2024 nos
764 1951 803 2023 in
829 1951 967 2026 liberta-

83 2089 157 2144 tem
175 2067 387 2155 vindicavit,
413 2067 643 2164 haeredesque
667 2094 748 2141 curn
767 2071 831 2143 suo
851 2069 965 2158 Filio„

84 2204 277 2284 postquam
305 2183 337 2257 ei
364 2185 401 2255 in
423 2183 603 2257 sanctitate
626 2203 662 2258 et
689 2184 822 2259 iustitia
842 2186 970 2260 servie-

82 2304 195 2377 rimus
213 2302 379 2376 omnibus
397 2299 523 2374 diebus
539 2302 622 2375 vitae
641 2322 791 2391 nostrae,
813 2303 850 2374 in
872 2323 967 2379 aeter.-

85 2420 226 2494 navita
253 2417 445 2492 constituet
469 2417 623 2514 gratuito
654 2438 822 2514 tanquam
844 2421 967 2493 servos

84 2536 230 2611 inutiles
240 2560 253 2625 ,·
272 2537 334 2631 qui
353 2535 453 2630 quod
476 2533 681 2621 debuimus,
703 2536 859 2608 fecimus.
894 2535 970 2620 „Id
1061 2525 1066 2540 ¹

90 2673 162 2743 cst,
198 2674 238 2728 ut
275 2652 433 2747 loquitur
466 2651 499 2723 S.
536 2637 722 2725 Martinus
759 2650 971 2723 Dumiensis

90 2798 212 2870 opusc.
235 2769 282 2842 Vt
303 2768 490 2842 Exhortat.
511 2767 726 2842 Humilitatis
747 2769 808 2858 a),
829 2794 904 2839 non
923 2792 971 2838 ex

88 2890 188 2964 dono
216 2907 383 2983 tanquam
412 2886 537 2975 liberi,
572 2886 634 2960 scd
662 2911 708 2958 ex
738 2884 862 2958 debito
893 2903 967 2958 tan·

87 3031 194 3102 quam
214 3004 319 3083 servi.
386 3003 517 3075 Nullus
548 3002 663 3089 enim,
700 3001 862 3097 quamvis
890 3028 970 3099 per·

89 3123 200 3197 {ectus
225 3120 263 3194 in
287 3119 454 3194 omnibus
482 3118 563 3205 vir‚·
598 3103 647 3189 ita
678 3096 870 3213 aliquando
891 3120 977 3191 haec'

90 3237 372 3337 praeoccupavit,
411 3260 491 3330 quae
518 3234 604 3307 Deo
633 3235 715 3306 sunt
742 3232 893 3330 placita,
928 3256 971 3308 ut

93 3356 185 3452 prius
196 3355 331 3450 aliquid
344 3354 393 3426 illi
403 3354 598 3440 foenerans,
614 3378 688 3423 non
702 3350 842 3424 debitor
854 3351 970 3440 fuerit,

83 3473 149 3545 -fed
167 3491 325 3546 exactor.-
351 3470 443 3565 Quis
462 3469 555 3542 enim
574 3456 705 3564 aliquid
724 3467 849 3556 habet,
869 3471 971 3564 quod

97 3589 138 3679 ab
154 3589 217 3663 illo
236 3589 357 3662 datum
377 3613 451 3660 non
474 3588 553 3661 est?
578 3598 646 3659 Aut
665 3599 755 3679 quis,
782 3587 869 3658 ficut
885 3608 968 3681 apo·

97 3709 201 3780 stolus
228 3704 295 3792 ait,
317 3717 408 3796 prior
432 3706 517 3776 dedit
540 3713 609 3794 illi,
637 3727 667 3776 et
693 3712 877 3775 retribuetur
905 3711 968 3772 ei?

101 3837 236 3913 quoniam
263 3834 368 3893 omnia
397 3847 437 3894 ex
461 3833 550 3912 ipso,
584 3843 614 3893 et
633 3849 693 3912 per
718 3831 841 3909 ipsum,
876 3839 906 3889 et
935 3829 969 3889 iu

137 3972 165 4046 t)
188 3971 220 4036 u.
244 3962 313 4031 tur.
338 3961 404 4043 utu
426 3969 484 4032 rr.
506 3984 532 4046 ρ.
555 3975 617 4072 tm
