2438 4566
296 290 372 375 364
620 277 855 348 Ξ

108 408 113 423 ’
154 428 273 495 cerer
299 436 348 519 illi
371 434 417 519 ab
442 429 637 531 AEgyptiis,
663 431 727 526 qui
751 456 826 503 non
850 426 1017 505 sciebant
1039 428 1172 525 Deum,

148 549 335 627 Xcll¹1¹·et
357 579 420 651 per
449 553 525 649 haec
550 550 625 647 ipsa
650 530 814 644 erigimus
839 548 1111 649 nobismetipsis
1136 572 1173 625 ta·

136 668 278 731 W*
297 672 530 745 bernaculum
557 665 653 752 Dei;
691 692 771 738 cnm
793 666 889 749 bene
912 666 1014 739 enim
1032 660 1173 743 facienti·

295 790 366 862 bus
384 785 517 858 habitat
534 782 656 870 Deus,
673 783 982 881 quemadmodum
999 784 1173 859 Dominus

297 909 364 981 ait:
392 915 499 976 Facite
522 911 611 973 renis
633 914 747 972 amicos
770 912 808 973 de
832 930 1016 975 mammona
1039 916 1174 997 iniquita·

297 1036 357 1110 tir,
385 1043 420 1092 ut
439 1031 492 1108 hi,
514 1028 636 1112 quando
649 1026 761 1107 fugati
770 1026 925 1107 fueritis,
954 1033 1113 1115 recipiant
1127 1046 1173 1093 aot
1211 1100 1213 1107 ,

294 1153 330 1211 in
345 1160 456 1209 aternu
474 1145 682 1208 tabernacula.
693 1137 715 1172 ‘⁶
765 1133 1019 1211 Tertullianus
1038 1136 1175 1236 parabo·
1210 1118 1213 1157 ⁵

294 1260 387 1343 lam,
424 1254 521 1329 cuius
540 1255 616 1327 haec
643 1254 814 1325 sententia
842 1253 1095 1353 epiphonema
1113 1272 1173 1339 est.

295 1373 403 1447 nobis
426 1392 571 1447 revocat
590 1370 629 1443 in
648 1370 873 1459 memoriam,
896 1372 934 1453 in
955 1398 1030 1477 qua
1046 1371 1175 1447 villicus

294 1491 498 1578 inducitur,
538 1488 600 1586 qui
626 1508 765 1562 amotus
797 1489 842 1561 ab
868 1486 1013 1576 officio,
1056 1516 1103 1565 ex
1121 1488 1175 1561 ho·

297 1608 355 1682 nis
382 1608 519 1680 domini
548 1607 601 1680 lui
626 1607 690 1679 fibi
713 1608 867 1705 amicos,
894 1632 915 1679 a
942 1588 1079 1705 quibus
1103 1603 1175 1681 reci·
1209 1666 1213 1683 ⁴

295 1702 478 1825 peretur,¹
500 1725 593 1797 fecit.
674 1724 922 1811 „Admonens
958 1726 1057 1797 enim
1089 1748 1173 1811 nos,

294 1846 376 1917 sunt
404 1842 515 1915 verba
545 1841 758 1926 Tertulliani
788 1839 854 1945 a),
889 1843 933 1923 de
967 1842 1172 1917 secularibus

294 1959 459 2055 suffragia
484 1959 590 2032 nobis
614 1958 829 2057 prospicere·
846 1958 1103 2049 amicitiarum,
1130 1959 1172 2031 le·

295 2078 455 2152 cundum
476 2077 566 2160 servi
587 2077 681 2149 illius
703 2070 926 2173 exemplum,
955 2078 1019 2174 qui
1038 2079 1086 2151 ab
1101 2096 1172 2151 actu

284 2196 480 2281 demotus,
538 2194 739 2267 dominicos
778 2194 959 2268 debitores
1000 2192 1173 2268 diminutis

294 2311 519 2384 cautionibus
546 2315 682 2385 relevat
709 2312 747 2395 in
772 2312 968 2391 subsidium
1000 2312 1077 2385 srbi.
1136 2318 1172 2383 Et

295 2459 367 2517 ego,
394 2429 531 2524 inquit,
558 2439 625 2500 dico
644 2439 750 2517 vobis,
768 2438 873 2516 facire
890 2442 982 2502 vobis
1005 2442 1122 2502 amicos
1140 2438 1172 2499 dc

295 2574 472 2618 mammona
491 2526 672 2645 iniustitiae,-
708 2546 753 2616 de
777 2571 924 2618 nummo
948 2546 1101 2633 scilicet,
1132 2544 1172 2615 de

293 2691 370 2761 quo
393 2682 428 2735 et
447 2665 567 2737 servus
589 2662 659 2748 ille,
718 2661 901 2735 Iniustitiae
934 2662 1033 2735 enim
1061 2683 1172 2736 aucto·

294 2810 394 2868 rem,
432 2800 466 2852 et
497 2779 758 2864 dominatorem
790 2779 895 2852 totius
925 2778 1048 2852 saeculi
1080 2806 1171 2853 num·

293 2927 395 2972 mum
413 2898 539 2969 scimus
565 2921 709 2982 omnes:
738 2895 796 2968 cui
822 2898 1026 2969 famulatam
1050 2898 1171 2971 videns
1210 2928 1213 3009 Ι

291 3014 554 3089 Pharisaeorum
579 3009 827 3111 cupiditatem,
868 3014 1066 3091 amentavit
1086 3016 1170 3087 hanc
1210 3014 1213 3090 l

285 3132 522 3206 lententiam:
555 3141 623 3203 Non
643 3145 775 3222 potestis
797 3139 863 3218 Deo
877 3141 1003 3221 servire
1028 3154 1062 3205 et
1081 3158 1169 3203 marr·
1211 3116 1213 3189 i

288 3255 431 3322 morrae.“
498 3249 647 3339 Subdit,
683 3276 814 3346 nempe
839 3249 1083 3345 evangelista,
1117 3274 1169 3321 an·
1211 3346 1213 3355 Ι

288 3366 427 3439 dientes
462 3366 536 3439 haec
566 3366 790 3454 Pharisaeos,
831 3365 893 3462 qui
924 3386 1026 3440 erant
1055 3364 1166 3453 avari,

288 3484 452 3559 derisisse
473 3510 565 3557 eum.
617 3466 932 3570 Mammona'vox
953 3484 1063 3583 Syra,
1085 3508 1166 3581 quo·

287 3603 483 3676 dammodo
514 3602 572 3683 hic
600 3602 795 3699 accipitur,
832 3621 873 3676 ut
898 3590 998 3699 apud
1025 3602 1164 3675 Graecos

284 3717 411 3792 Plutus
445 3721 532 3794 deus
564 3718 787 3805 divitiarum:
827 3720 941 3795 veluti
972 3718 1024 3793 D.
1055 3720 1162 3792 Paulo

283 3835 379 3932 Eph.
408 3836 453 3906 V.
484 3864 515 3925 3.
543 3856 579 3910 et
606 3837 686 3910 Col.
714 3839 777 3911 ΙΙΙ.
807 3858 840 3928 5.
868 3835 1016 3914 avaritia
1032 3837 1162 3924 ‚dicitur

317 3979 348 4051 a)
370 3985 463 4039 Contra
481 3986 647 4041 Marcionem
664 3987 711 4041 lit.
730 3986 785 4044 IV.
803 4000 830 4059 p.
850 3996 912 4056 448.
