2438 4566
245 315 329 382 204¹
564 293 797 348 a

96 439 213 505 Cim·
243 447 458 530 altercantes
480 441 691 515 moriuntur.
755 440 852 517 Utile
883 461 1003 518 autem
1035 466 1113 525 esset

97 559 213 618 LXVH·
241 561 327 662 ipsis
339 561 505 656 diligere,
529 583 569 634 ut
583 565 890 667 etresurgerent‚“
907 563 1013 635 beata
1027 564 1112 636 nimi·

83 681 225 740 W*
240 705 318 754 rum
340 679 399 750 illa
421 676 678 750 resurrectione
700 703 805 774 quam
829 677 994 752 Christus
1023 681 1109 778 parti

242 796 381 893 cipibus
419 796 624 868 sacramenti
664 795 884 869 eucharistici
917 798 1106 894 promittit:

241 925 304 1009 Qui
325 924 494 985 munducat
512 941 612 987 meam
632 941 770 1001 carnem,
795 934 825 985 et
842 923 921 985 bibit
940 943 1040 987 meum
1048 923 1108 1004 sot

237 1006 386 1119 garinim,
411 1040 504 1110 itabat
529 1042 631 1103 vitam
656 1052 820 1102 aternam:
854 1053 887 1102 et
916 1059 970 1117 ego
998 1044 1108 1105 restitti-

238 1158 314 1219 tabo
333 1138 402 1217 eum
420 1159 454 1217 in
472 1159 638 1219 novissimo
655 1157 715 1222 die,
745 1159 821 1218 Caro
840 1161 919 1220 enim
940 1176 1031 1237 mea,
1049 1176 1106 1221 verr

239 1285 286 1337 est
306 1273 408 1334 cibus:
436 1285 467 1336 et
476 1271 610 1352 angais
632 1290 733 1352 meus,
754 1274 826 1336 veie
842 1285 889 1337 est
901 1288 1010 1355 potus.
1042 1267 1105 1359 'Qu

194 1382 195 1385 '
236 1390 408 1452 manducat
429 1408 528 1455 meam
556 1409 699 1471 carnem,
726 1402 757 1454 et
777 1391 853 1452 bibit
876 1410 979 1453 meum
992 1390 1103 1471 sangui·

238 1523 324 1584 nem,
351 1511 383 1568 in
407 1526 456 1569 me
479 1518 605 1584 monet,
633 1520 665 1570 tt
687 1526 741 1582 ego
766 1510 798 1570 in
823 1507 875 1568 tito
899 1494 959 1587 a),
988 1498 1046 1595 qui
1063 1513 1102 1570 est

226 1595 400 1685 'omnium
422 1614 596 1689 maximus
620 1640 662 1686 ac
680 1597 865 1690 ineffabilis
892 1615 998 1687 huius
1019 1613 1103 1712 parti·
1137 1694 1139 1703 ,

237 1730 424 1826 cipationis
446 1732 508 1803 seu
532 1731 795 1808 communionis
820 1731 1008 1805 dominicae
1031 1734 1102 1804 fruc·

237 1865 318 1933 tus;
346 1847 408 1942 qui
432 1866 474 1922 ut
497 1867 730 1949 perennaret,
759 1847 945 1936 Christus,
975 1876 1051 1921 cum
1073 1847 1100 1918 in

237 1962 359 2037 ultima
390 1990 491 2042 coena
525 1963 731 2041 instituisset
762 1967 1017 2042 sacramentum
1045 1967 1098 2058 hot

235 2104 277 2152 ac
317 2081 545 2170 sacrificium,
584 2109 651 2180 pro
691 2082 885 2183 apostolis,
926 2103 1097 2181 postqum
1137 2109 1139 2116 ·

235 2198 390 2293 primum
425 2197 494 2270 illis
525 2199 815 2276 manducandum
845 2196 885 2273 'et
918 2202 1098 2275 bibendum

234 2317 337 2386 suum
367 2315 522 2388 dedisset
545 2341 688 2415 corpus.
703 2338 739 2389 et
762 2318 988 2413 sanguinem,
1015 2342 1096 2414 roga·
1136 2386 1139 2409 ,

234 2433 289 2507 vit
310 2431 469 2524 Patrem,
496 2455 533 2506 ut
545 2440 612 2521 stat
634 2463 727 2509 unum
738 2441 823 2522 ficut
844 2459 876 2511 et
896 2465 951 2508 nos
969 2433 1017 2526 b).
1062 2433 1097 2509 Et

232 2578 340 2639 mox,
368 2580 428 2625 non
449 2551 512 2645 pio
538 2563 582 2624 eis
609 2557 714 2627 autem
737 2581 811 2642 rogo
837 2575 984 2642 tantum,
1001 2562 1056 2647 sed
1074 2568 1096 2622 ci

226 2681 365 2760 pro-eir,
389 2680 442 2761 qui
459 2678 605 2742 credituri
621 2677 703 2757 sunt
715 2698 775 2765 per
801 2681 928 2744 verbum
952 2699 1050 2744 eorum
1071 2679 1094 2737 in

179 2861 180 2864 Ἴ
230 2810 298 2854 me:
326 2805 362 2854 ut
383 2811 597 2863 cinnamum
610 2791 694 2871 fiat,
712 2791 797 2878 ficut
819 2809 855 2858 tir
878 2799 976 2863 Pater
993 2802 1024 2860 in
1041 2811 1091 2868 me,
1136 2842 1139 2889 Ξ

208 2921 262 2970 1ιεε
278 2926 331 2982 ego
347 2911 382 2972 in
397 2919 449 2985 te,
472 2920 509 2972 ut
524 2921 556 2971 et
571 2911 633 2989 ipsi
649 2911 683 2970 in
702 2912 787 2973 nobis
804 2931 898 2983 unum
907 2911 974 2990 stnt
991 2927 1043 2977 etc.
1066 2893 1090 2985 r)
1136 2894 1139 2931 i

230 3013 344 3107 Quod
371 3036 443 3115 prae
471 3015 586 3096 oculis
616 3015 751 3099 habens
780 3025 993 3121 apostolus:
1028 3030 1092 3112 Quo

227 3144 335 3219 niam,
363 3129 411 3207 ait
436 3128 499 3231 d),
526 3163 605 3206 unus
623 3148 742 3229 panis,
770 3166 864 3217 unum
890 3167 1000 3230 corpas
1019 3141 1089 3210 muti
1123 3224 1127 3231 Ι

217 3257 350 3338 firmus,
378 3279 502 3337 omnes,
528 3266 583 3348 qui
611 3263 648 3332 de
677 3283 738 3335 uno
760 3283 847 3347 pone
868 3271 1086 3348 participamus·

115 3454 117 3458 Α
228 3364 347 3459 Quam
371 3365 552 3455 fidelium,
581 3395 627 3449 cx
649 3371 917 3478 participatione
945 3365 1098 3470 corporis
1125 3430 1128 3443 .

227 3504 263 3555 et
288 3483 466 3577 [anguinis
494 3483 670 3576 Domini,
708 3490 998 3572 communionem
1027 3503 1084 3586 pra

225 3602 337 3671 oculis
366 3601 537 3682 habentes
562 3623 721 3693 veteres,
757 3631 839 3678 cum
866 3608 912 3679 ad
926 3597 1085 3681 ”absentes

202 3813 204 3824 .
223 3739 369 3812 quoque
391 3718 608 3810 mitteretur,
635 3712 673 3804 ut
690 3721 722 3797 S.
743 3722 901 3803 Justinus
924 3725 961 3798 in
980 3724 1083 3823 apulo

263 3897 294 3976 r)
315 3899 360 3966 Jo·
388 3901 438 3957 Vl·
463 3919 506 3972 ss·
590 3904 797 3979 t)1i.iiV11.
823 3924 864 3968 rr.
950 3908 1080 3987 c)1i.io·

122 4013 125 4020 ·
233 3983 617 4058 ‘miamin'
