2438 4566
390 282 623 364 e
875 337 945 408 315

155 399 455 554 error
518 462 862 556 exurunt.
975 461 1091 524 cmv

955 570 1119 620 Lxxxvn}

70 646 555 725 SAMARITANUS
602 653 1101 741 PROXIMUvav

371 777 677 864 NOSTER,·
850 786 853 791 '

70 949 200 1036 Homo
226 956 380 1054 quid'am
405 950 655 1051 descendebat
674 960 719 1034 ab
741 957 949 1037 Jerusalem

120 1076 163 1149 in
192 1071 369 1180 Jericho,
398 1087 436 1149 et
460 1077 591 1151 incidit
615 1101 654 1151 tn
678 1076 859 1166 latrones,
887 1081 951 1173 qui

115 1192 230 1267 etium
252 1189 545 1286 despoliaverunt
565 1216 664 1269 enm:
689 1205 724 1269 et
738 1194 862 1292 pingis
877 1197 952 1287 tm-

111 1309 247 1405 positis
269 1303 439 1381 obierunt
451 1305 637 1404 semivivo
656 1311 790 1385 relicto.
842 1310 950 1386 Acci-

116 1422 176 1498 dit
202 1435 327 1498 autem
359 1436 403 1499 ut
427 1421 594 1512 sacerdos
621 1424 773 1525 quidam
799 1424 951 1501 descen-

117 1516 225 1614 deret
243 1540 373 1616 eedem
390 1542 465 1616 via:
494 1554 533 1615 et
552 1542 632 1616 viso
651 1541 718 1618 illo
738 1545 949 1640 praeterivit.

117 1655 296 1733 Similiter
321 1670 359 1732 et
379 1656 513 1749 levita,
542 1681 629 1733 cum
653 1671 749 1751 ¹esset
773 1657 875 1733 secus
894 1657 952 1734 lo-

116 1797 227 1861 cum,
257 1787 295 1848 et
316 1772 459 1869 videret
485 1799 596 1867 eum,
623 1778 843 1874 pertransiit.
863 1768 866 1773 ’
889 1774 953 1851 Sa-

116 1893 322 1982 maritanus
351 1904 477 1978 autem
508 1891 660 1991 quidam
689 1895 759 1983 iter
788 1892 950 1984 faciem,

119 2008 226 2083 venit
253 2005 354 2082 secus
383 2032 492 2084 eum:
521 2022 558 2094 et
575 2008 717 2097 uidens
747 2034 855 2096 eum,
882 2012 953 2087 mi-

120 2124 320 2201 sericordia
347 2138 474 2201 motus
505 2138 587 2200 est.
609 2185 616 2201 .
638 2184 675 2200 ..
702 2125 799 2229 Quis
822 2126 953 2200 horum

102 2244 238 2327 ‘trium
259 2243 408 2316 videtur
432 2239 502 2317 tibi
518 2246 715 2340 proximus
729 2240 850 2342 fnisse
875 2243 952 2332 illi,

119 2360 184 2455 qui
210 2359 339 2433 incidit
367 2361 406 2432 in
431 2357 623 2446 introires?
662 2358 713 2433 At
743 2361 799 2434 iiie
828 2360 952 2434 dixit:

120 2472 202 2575 Qui
225 2470 320 2572 jecit
350 2475 638 2579 misericordium
669 2478 709 2548 in
740 2474 850 2548 illum.
902 2473 953 2548 Et

120 2592 178 2667 ait
199 2589 252 2664 ilii
272 2589 409 2683 Jesus:
437 2588 479 2664 V
477 2590 562 2678 ode,
582 2600 617 2679 et
635 2600 676 2664 tn
686 2585 755 2689 fue
767 2587 950 2686 imiliter.

121 2699 215 2782 Luc.
244 2710 293 2780 X.
324 2730 380 2800 30.
410 2717 479 2798 eto.
691 2702 695 2707 ’

70 2954 224 3109 Nihil
255 3036 408 3109 divinius
442 3037 512 3110 dici
543 3056 660 3132 potest
687 3039 754 3108 hac
785 3037 1057 3131 parabolaOfficta

70 3153 233 3248 ²lihilque
259 3153 465 3230 sublimius,
501 3153 694 3249 qua·s1mul
723 3152 886 3224 Christus
908 3133 1106 3224 hylaritatis.

70 3270 283 3369 gisperitum
309 3290 504 3343 tentantem
534 3269 745 3342 constrinxit
772 3270 817 3340 ad
845 3271 955 3342 confi-

70 3391 248 3476 tendum,
275 3387 354 3485 quis
379 3413 464 3461 vere
492 3388 678 3483 proximus
704 3386 889 3459 habendus
914 3388 957 3457 fit

70 3491 112 3574 in
131 3505 255 3578 officio
279 3505 453 3578 eharitatis
474 3525 598 3578 contra
622 3503 805 3577 notionem
827 3503 956 3597 gentle,

70 3636 154 3712 quae
185 3649 260 3693 non
291 3641 428 3695 tantum
464 3625 559 3695 solos
591 3624 721 3696 amicos
753 3619 954 3706 amandos,

70 3730 135 3809 led
166 3741 259 3811 solos
289 3738 517 3812 contribules·
537 3739 691 3837 proximi
722 3741 807 3807 loco
837 3735 955 3807 existi·

70 3858 225 3929 mandos
251 3855 375 3941 duxit3
403 3857 511 3952 simul.
531 3858 683 3954 seipsum
708 3851 867 3925 Christus
895 3853 953 3927 hic

70 3959 117 4047 in
149 3977 352 4073 exemplum
384 3976 574 4078 proposuit
608 3990 762 4055 assumta
797 3971 952 4045 humana
