2438 4566
409 338 641 351 m

887 324 962 393 299

76 455 192 551 plane
221 445 354 535 ludaei,
391 472 466 519 nou
495 465 729 541 agnoscentes
756 448 960 523 veritatem:
993 443 1112 508 cmv

79 571 111 642 si
139 567 235 644 euim
257 564 528 661 cognovissent,
557 589 739 659 nunquam
761 564 962 640 Dominum
981 568 1118 626 LXXXV.-

80 683 209 783 gloriae
246 681 509 754 crucifixissent.
588 679 678 751 Nou
713 673 1125 756 intellexerunt&

78 799 203 875 miseri
230 798 353 895 typica
377 798 520 868 oracula
546 815 689 868 eatenus
711 823 964 892 permansura,

80 917 209 1014 quoad
248 916 326 1012 ipsa
364 917 574 985 elucesceret
612 913 751 985 veritas.
770 920 792 954 ‘⁶
867 915 966 988 Caeci
1056 935 1059 948 ·

80 1033 148 1131 qui
170 1031 353 1105 Christum
381 1028 509 1102 ostium
538 1028 637 1100 fimul
661 1029 764 1103 ovilis
793 1051 827 1107 et
848 1052 964 1129 pasto-

78 1175 160 1231 xem
189 1149 326 1221 bonum
352 1172 427 1221 non
455 1165 687 1240 agnoverunt.

160 1377 299 1457 Usitata
328 1378 373 1449 ad
403 1403 478 1449 rem
509 1360 582 1449 erui
610 1403 687 1452 vox
720 1389 837 1451 Ostium
866 1382 972 1476 apud·

82 1498 231 1573 Judaeos
261 1493 477 1581 adivarias,
514 1494 551 1564 in
587 1520 674 1590 quas
712 1514 810 1566 erant
840 1496 966 1585 divisi,

85 1613 341 1687 discernendas
366 1613 481 1683 sectas.
536 1610 592 1683 Sic
618 1610 846 1708 Hegesippus
868 1614 967 1708 apud
1074 1702 1077 1707 Ι

83 1730 283 1805 Eusebium
316 1748 432 1799 narrat
461 1725 521 1817 u),
558 1729 731 1823 quosdam
763 1755 808 1800 ex
834 1731 968 1824 septem

84 1847 210 1934 fectis,
245 1870 323 1940 quae
360 1844 456 1941 apud
488 1844 629 1917 Judaeos
668 1865 786 1931 erant,
820 1845 968 1918 interro·

87 1990 191 2062 gasse
216 1963 387 2034 Jacobum
409 1965 634 2059 apostolum:
662 1960 893 2054 „Quodnam
918 1990 969 2036 es·

82 2099 144 2157 let
171 2078 301 2157 ostium
330 2079 421 2151 Jesu.
487 2077 628 2169 Quibus
646 2077 724 2164 ille,
747 2079 870 2150 ‘Jesum
893 2106 968 2152 esse

89 2195 330 2281 salvatorem,
359 2193 589 2289 respondit.“
640 2193 812 2290 Dumque
842 2217 969 2293 postea
1015 2196 1017 2201 ’

90 2315 136 2387 ab
161 2339 206 2394 eo
227 2314 361 2390 vellent
378 2309 556 2382 retractari
575 2309 771 2382 doctrinam
788 2314 906 2411 posito
930 2314 968 2386 iu

89 2426 231 2507 sublimi
254 2427 393 2522 fastigio
414 2426 552 2522 templi:
580 2425 719 2511 „Doce
739 2454 824 2514 nos,
852 2430 967 2514 aiunt,

91 2548 193 2644 quod
218 2547 259 2633 fit
283 2546 414 2617 ostium
440 2543 522 2615 Jesu
551 2541 668 2615 suffixi
693 2543 796 2614 cruci.
858 2544 970 2616 Tunc

92 2664 246 2738 lacobus
268 2662 363 2735 edita
383 2686 474 2735 voce
495 2655 537 2730 iis
560 2659 762 2756 respondit:
792 2659 891 2752 Quid
913 2686 970 2732 me

94 2779 315 2876 interrogatis
350 2779 395 2851 de
429 2778 514 2849 Jesu
543 2775 617 2847 filio
654 2775 845 2848 hominis?
888 2777 969 2873 Ipse

97 2900 192 2973 {edet
212 2899 250 2968 in
277 2899 366 2968 coelo
392 2922 412 2968 a
433 2892 565 2969 dextris
585 2895 727 2967 summae
750 2894 910 2984 virtum,
937 2900 973 2977 ee

78 3036 263 3099 uenturus
292 3011 405 3085 estin
432 3009 589 3087 nubibus
616 3011 744 3101 coeli}

140 3198 169 3275 1)
191 3197 261 3257 [list.
284 3199 341 3258 eccl.
365 3193 408 3253 lib.
431 3191 472 3251 II.
496 3205 551 3263 cap.
573 3205 620 3268 η..
