2438 4566
249 256 331 365 38'2'

104 427 224 491 ΕΔΜ
251 448 309 516 25.
344 446 533 525 postquam
573 428 640 500 iam
684 428 965 504 destructionem
994 436 1130 534 -templi

144 549 188 603 CI·
248 546 462 642 praedixerat
488 544 666 640 discipulis
697 546 840 617 seorsim
874 575 959 621 eum
984 551 1132 626 interro.

96 663 433 760 “Wgantibus,
460 681 500 733 nt
523 663 662 757 plenius
666 663 779 864 szud
799 664 1025 740 Matthaeum
1046 671 1127 765 legi·

245 802 322 854 tur:
352 789 473 851 Sedente
493 800 597 848 autem
619 805 654 848 eo
691 804 765 868 uper
785 803 919 853 montem
945 793 1064 858 Olivetr'
1081 816 1128 858 ut-

245 919 394 971 eesrernnt
418 905 463 965 ad
488 922 557 967 eum
586 902 728 984 discipuli
739 905 862 984 secreto
885 893 1043 973 dicentes:
1070 913 1125 977 Dic

246 1024 350 1098 notis,
376 1021 499 1103 quondo
513 1021 573 1081 lraec
593 1032 699 1098 erunt,
723 1021 999 1105 et.puodfigr1um
1016 1031 1125 1093 adven·

246 1153 298 1203 tus
317 1141 384 1214 rui,
405 1150 436 1199 et
456 1140 725 1219 consummationis
734 1138 858 1218 seruiit
885 1132 1053 1208 Christus
1069 1162 1124 1218 au·

244 1268 316 1320 tem
343 1269 440 1317 nune
466 1243 630 1317 distincte
661 1247 706 1318 de
737 1248 906 1320 alterutro
939 1253 1121 1347 loquitur3

232 1362 567 1458 'nune'promiscue
589 1362 634 1464 de
659 1382 832 1458 utroque,
858 1365 1009 1440 excidio
1029 1369 1120 1441 urbis

169 1469 174 1477 ⁴
242 1502 279 1552 et
299 1479 430 1566 orbis,‘
450 1500 490 1551 ut
512 1503 579 1551 nos
605 1478 706 1550 etiam
729 1505 775 1550 ex
796 1480 1007 1556 ludaeorum
1031 1487 1119 1558 facto

241 1619 367 1670 cautos
392 1597 736 1692 circumspectosque
762 1595 912 1683 reddat,
941 1622 1052 1697 atque
1073 1602 1118 1674 ad

238 1714 459 1809 vigilandum
481 1712 670 1799 sollicitos,
697 1734 806 1812 prout
827 1713 865 1785 in
889 1718 1118 1791 conclusione

211 1829 409 1904 'sermonis
431 1827 613 1926 speciatim
638 1848 762 1902 monet
784 1831 905 1904 Marc.
931 1834 1038 1906 XIII.
1061 1859 1114 1923 37.

238 1959 331 2042 ,Quod
351 1970 454 2019 antem
476 1957 564 2018 uobr's
585 1957 672 2032 dico,
696 1956 836 2018 omnibus
854 1960 946 2020 dico:
980 1960 1111 2036 Vigilate.

154 2063 158 2066 ⁴
238 2062 517 2138 Deuteronomii
544 2089 633 2135 vero
662 2058 841 2160 XXVIII.
874 2064 938 2136 ubi
964 2067 1036 2139 sata
1062 2066 1113 2139 Ju-

239 2183 348 2255 daieae
372 2181 489 2276 gentis
516 2180 780 2276 praedicuntur,
806 2184 987 2254 luculenta
1011 2184 1113 2256 habe·

237 2317 294 2372 tur
315 2298 511 2396 posteriore
532 2293 653 2393 capitis
672 2297 764 2369 illius
785 2317 884 2395 parte
906 2301 1111 2397 prophetia,

235 2443 277 2491 ac
302 2415 411 2488 veluti
438 2414 603 2487 historica
630 2439 752 2485 eorum
781 2415 958 2502 narratio,
990 2443 1110 2514 quaea

234 2533 383 2634 proprio
406 2535 469 2604 suo
493 2531 661 2628 scriptore
680 2530 836 2627 Josepbo
856 2531 901 2603 de
923 2531 1109 2606 obsidione

232 2672 268 2723 et
293 2648 435 2722 excidio
459 2648 556 2720 urbis
574 2646 925 2745 Hierosolymitanae‚
950 2651 1013 2721 ubi
1035 2650 1108 2747 ipse

229 2767 406 2863 Josephus
424 2765 567 2837 Judaeus
585 2765 732 2861 scriptor
751 2790 867 2836 rerum
886 2764 1108 2842 Iudaicarum

225 2886 403 2978 spectator
416 2880 546 2967 adfuit,-
570 2881 737 2953 accidisse
748 2880 966 2976 perhibetur.
995 2881 1103 2956 Deut.

228 2998 408 3070 XXVIII.
435 3022 497 3090 49.
524 3017 641 3070 autem
671 2997 746 3071 haec
774 2998 866 3069 inter
890 2997 959 3071 alia
987 3003 1108 3097 legun·

226 3134 308 3189 tur:
336 3127 476 3189 Adducet
501 3124 652 3186 Dominus
664 3122 762 3205 super
784 3136 815 3186 te
835 3137 956 3199 gentem
984 3129 1022 3189 de
1045 3128 1107 3191 lon·

221 3249 356 3328 gitque,
383 3253 415 3305 et
434 3244 472 3305 ele
488 3244 634 3305 extremis
654 3253 738 3302 terre
752 3235 889 3316 finibus,
915 3243 949 3302 in
960 3239 1106 3319 flmilitu·

223 3363 324 3424 dinem
343 3359 451 3442 aquile
466 3360 604 3419 volantis
622 3369 691 3419 eum
706 3360 843 3438 impetur
863 3359 953 3418 cuius
968 3360 1102 3436 titurium

220 3479 389 3555 intelligere
414 3494 473 3536 non
491 3479 603 3555 possis.
668 3465 762 3558 Quae
793 3465 875 3534 sane
897 3465 1016 3537 ¹verbu
1039 3491 1102 3538 nos

220 3587 315 3674 iam,
352 3601 434 3682 post
463 3600 519 3654 tot
554 3583 743 3679 praesertim
776 3581 912 3652 saecula-
938 3581 1099 3679 dispersae

220 3705 337 3800 gentis
373 3700 485 3774 veluti
523 3703 707 3798 palpamus
747 3696 945 3770 convenire
977 3699 1097 3794 aquila

219 3821 420 3906 Romanae,
449 3845 523 3914 non
543 3818 635 3905 aliis,
663 3815 833 3912 aquibus
857 3812 956 3908 prius
980 3813 1095 3912 pressi,

220 3957 283 4024 aut
312 3934 447 4012 subacti
475 3936 556 4009 sunt
582 3932 797 4008 monarchiis
829 3929 1092 4016 Orientalibus,
