2574 4682
368 333 600 399 Ξ
846 347 911 416 ιόῐ

944 461 1060 528 curun

972 581 1030 639 Lx.

935 695 1074 758 νγν

46 498 178 576 morbo
204 494 292 580 illo,
325 517 399 588 quo
427 493 503 564 duo
528 491 578 566 illi
603 489 873 582 detinebantur,
899 523 919 568 a

42 617 178 713 quibus
214 609 377 682 Christus
410 610 510 681 eiecit
543 610 757 682 daemonia?
801 611 856 683 Sic
886 638 922 686 se

45 730 263 804 deridendos
292 727 480 825 praebent,
522 723 583 820 qui
614 727 767 800 maxime
803 729 922 818 hanc,

46 853 273 935 daemonum,
298 860 491 942 porcorum
504 861 648 938 gregem
664 843 832 920 invadere
847 873 926 944 per·

46 968 256 1050 missorum,
277 953 514 1034 narrationem
529 960 765 1056 evangelicam
780 963 850 1036 risu
865 983 924 1038 ex·

50 1084 165 1180 cipere
190 1107 231 1152 ac
260 1097 461 1163 contemtu,
489 1076 552 1179 fibi
576 1077 791 1152 inanimum
818 1081 923 1154 indu·

46 1218 180 1273 xerunt
202 1197 279 1269 duo
303 1195 406 1269 ocelli
427 1194 701 1290 irreligiosorum
721 1199 787 1274 aevi
810 1191 925 1280 nostri

46 1315 209 1392 Volt'aire
233 1331 269 1386 et
289 1311 491 1386 Rousseaur

123 1539 242 1644 Quod
260 1567 380 1621 tamen
397 1535 512 1644 ipsum
534 1541 736 1645 exemplum
757 1541 828 1623 lroc
847 1526 947 1649 pol·⁸

49 1695 199 1755 corum,
228 1684 476 1762 argumentum
502 1683 556 1736 est
579 1663 770 1752 invictum,
798 1669 928 1766 cuique

48 1787 133 1858 nihil
162 1784 289 1881 oggeri
315 1803 443 1890 queat,-
478 1775 578 1878 quod
603 1801 678 1854 tum
704 1785 928 1862 existentiam

49 1905 281 1988 daemonum,
309 1926 390 1972 cum
416 1897 692 1994 daemonurgiam
715 1901 827 1998 ipsam
854 1907 931 1982 atti·

52 2043 126 2094 net:
159 2029 335 2114 erantque
356 2017 456 2090 iuxta
478 2011 511 2088 Sa
530 2017 704 2090 Marcum
723 2021 798 2094 duo
819 2024 928 2102 millia

51 2136 359 2234 praecipitatorum
386 2132 424 2204 in
448 2133 585 2208 flumen
612 2161 829 2231 porcorum;
855 2141 928 2216 five

2 2340 4 2343 ι
51 2255 132 2329 inde
179 2249 443 2326 multitudinem
487 2251 690 2326 daemonum
735 2253 930 2332 eiectorun'r

4 2459 5 2466 ἵ
53 2373 242 2458 coniicias,
270 2371 341 2442 srve
367 2367 568 2441 daemonum
589 2369 626 2440 in
654 2397 805 2469 corpora
824 2401 931 2470 agen·

56 2490 89 2560 di
115 2483 217 2575 vim,
261 2506 296 2560 et
329 2477 500 2580 siquidem
535 2483 713 2558 influxum
742 2491 934 2585 physicum

55 2607 271 2679 materialem
292 2603 442 2674 statuere
465 2601 661 2674 scholastici
685 2621 817 2676 naturae¹
838 2609 935 2704 spiri·-
1015 2699 1021 2706 ι

56 2742 154 2797 tuum
179 2720 371 2796 videantur
396 2735 677 2816 repugnantem,
703 2719 788 2792 ideo
816 2739 935 2798 tamen

58 2826 327 2936 οἱφυσιαλᾶγητσν
355 2829 451 2909 haud
483 2823 557 2922 est,
592 2854 700 2932 atque
725 2864 796 2935 pro
820 2833 934 2916 indita

60 2954 197 3030 entibus
224 2945 457 3053 spiritualibus
478 2981 498 3026 a
519 2950 606 3028 Deo
626 2974 785 3029 creatore
802 2957 933 3034 virtute

61 3060 157 3169 qvir-u
187 3067 250 3146 seu
280 3071 483 3143 naturaliter
510 3097 567 3142 res
592 3072 670 3143 fieri
695 3073 767 3148 dici
791 3097 933 3171 potest}

59 3208 233 3287 quatenus
270 3187 365 3262 entia
389 3187 459 3260 'illa
496 3185 687 3284 spiritualia
726 3189 798 3263 five
836 3212 937 3270 extra

60 3327 190 3406 corpus¹
215 3307 285 3380 sive
305 3304 343 3375 in·
366 3322 536 3400 corpore,-
563 3305 711 3401 (quales
730 3307 857 3404 passim
879 3311 935 3385 SS.

59 3424 183 3497 Patres
201 3439 401 3518 agnoscunt
412 3415 550 3519 spiritus
568 3423 672 3494 etiam
686 3429 937 3514 aereosmerm

61 3542 255 3615 instructos
280 3536 466 3636 corpore)
487 3537 668 3614 intellectu
694 3556 729 3616 et'
751 3545 940 3618 voluntate

62 3659 230 3757 praedita,
259 3657 339 3752 (uti
357 3651 468 3729 homo
490 3656 538 3728 in.
551 3657 622 3731 hoc
641 3659 730 3732 orbe
753 3673 939 3753 terraqueo

13 3797 14 3838 1
64 3777 107 3848 ad
132 3775 325 3870 imaginem
349 3792 384 3846 et
409 3772 670 3846 fimilitudinem·
697 3769 771 3844 Dei
795 3773 938 3866 sactus)

67 3913 168 3991 atque
193 3881 299 3964 etiam
322 3891 368 3966 ad
383 3888 454 3967 hoc
472 3888 637 3980 condita,
660 3905 699 3960 ut
715 3894 944 3969 connexione

112 4011 227 4102 Tora.
256 4007 302 4083 11.
659 4006 691 4082 L
