2566 4680
374 343 605 380 U
732 335 737 346 '
820 376 927 440 r231

55 525 149 626 curu,¹
181 481 483 608 quemadmodum
515 501 633 599 inquit
663 505 838 578 allocutus
867 501 930 575 Pa·
958 497 1074 562 ΕΔΜ

55 638 141 692 trem
168 617 231 710 a),
251 623 296 692 'te
324 625 423 690 Deum
449 621 579 706 verurri,
613 642 645 693 et
675 650 765 714 quem
792 631 929 707 misisti,
964 619 1066 678 mlx1·

54 745 152 818 ,lesum
176 745 337 809 Christum.
372 733 438 806 ¹Et
457 733 540 804 alibi
558 733 620 824 b):
663 747 702 810 Ut
719 765 822 808 omnes
838 747 930 807 hono-
943 739 1085 798 *W

51 861 164 938 rifictnt
188 863 328 938 Filium,
355 855 440 936 ficut
464 846 666 938 honorificarit
691 865 842 927 Putrem.-
874 866 931 945 spui

54 996 111 1040 non
128 977 313 1056 honorificat
334 976 469 1055 Filium,
496 995 556 1038 uun
576 975 767 1056 honorificat
780 979 929 1056 Patrem,

6 1109 8 1136 ³
54 1099 104 1182 pru·
128 1097 213 1158 misit
239 1095 335 1157 illum.
394 1082 485 1178 Quis
509 1085 585 1157 haec
613 1087 658 1158 de
687 1114 725 1160 se
751 1087 928 1160 dicentem

6 1221 8 1308 t
53 1202 164 1274 audiat
187 1203 395 1286 Christum,
421 1220 458 1271 ee
479 1227 554 1272 non
577 1202 691 1274 statim
714 1230 794 1276 cum
818 1204 929 1276 Petro

6 1301 302 1393 l'adorabundus
335 1310 511 1388 exclamet
542 1314 602 1406 c):
652 1329 694 1391 Et
723 1349 777 1390 nos
805 1331 932 1392 eredidi-

54 1463 134 1524 rnus,
158 1419 193 1508 'et
216 1446 435 1522 cognovimus,
464 1445 541 1526 quia
562 1455 598 1505 tu
620 1463 651 1506 es
675 1445 812 1506 Christus
832 1445 929 1508 Filius

6 1577 9 1624 ι
54 1559 116 1624 Dei.
174 1553 223 1624 Et
251 1553 288 1622 in
317 1550 508 1648 proposito
540 1550 644 1622 nubis
679 1553 800 1622 locoz·
826 1559 871 1620 Tu
899 1579 931 1623 es

6 1691 9 1768 ἶ
57 1679 185 1742 Christus
218 1678 318 1740 Filius
357 1677 417 1739 Dei
448 1677 549 1738 uiui?
599 1666 667 1740 Seu
696 1688 806 1765 prout
833 1666 931 1762 apud

6 1775 10 1838 ¹·
54 1783 178 1859 Lucam
203 1787 353 1858 habetur
373 1782 436 1876 d):
481 1797 615 1859 Christus
637 1797 705 1860 Dei.
753 1798 800 1859 Ar
817 1797 865 1858 ure
885 1799 932 1856 irr-

7 1911 8 1984 Ῐ
53 1929 170 1994 crepans
189 1913 281 1990 illos,
301 1916 469 1994 precepit,
497 1917 603 1974 necui
628 1915 761 1977 dicerent
780 1915 859 1991 hoc,
886 1913 933 1974 dr·

6 2031 10 2097 i
55 2046 137 2092 rens.-
179 2029 264 2114 Quia
293 2041 415 2110 oportet
442 2029 560 2091 Filium
582 2031 714 2093 hominis
747 2033 847 2093 multa
870 2049 931 2112 pa-

6 2149 10 2196 l
54 2147 77 2206 ti
100 2159 153 2209 etc.
212 2133 311 2211 Ecce
338 2136 418 2224 hic,
446 2156 486 2210 ut
509 2138 638 2236 passim
668 2138 775 2226 alibi,
801 2138 931 2212 Filium

55 2251 199 2344 hominis
236 2280 274 2325 se
308 2272 438 2339 vocat,
483 2275 519 2326 et
554 2255 733 2352 discipulis
778 2266 930 2326 Christum
970 2269 974 2277 '

6 2398 11 2421 ³
56 2375 127 2456 Dei,
151 2397 259 2467 quem
282 2370 399 2467 ipsum
422 2369 474 2442 illi
500 2371 682 2444 Christum
704 2372 830 2444 Filium
855 2371 930 2443 Dei

6 2471 8 2538 3
56 2484 300 2588 denunciant!
353 2485 511 2583 ¹Aperit
559 2487 662 2559 etiam
697 2487 931 2583 discipulis,

6 2618 8 2654 2
56 2627 125 2697 quae
146 2609 205 2678 vel
232 2602 386 2676 maxime
411 2604 566 2675 humana
588 2615 820 2700 perpessurus
841 2621 934 2675 esset

6 2747 15 2820 r,
57 2716 87 2792 in
113 2721 281 2820 passione
308 2747 350 2795 uc
375 2740 491 2795 morte
516 2723 601 2793 lua:
628 2721 828 2818 etquidem
851 2738 937 2817 post

58 2840 339 2913 resurrectionem
371 2838 458 2911 dicit
482 2838 688 2937 discipulis,
726 2839 800 2910 haec
828 2862 934 2934 opor·

6 2957 10 3048 ᾗ,
59 2954 154 3030 tuisse'
169 2967 247 3048 pati
274 2965 448 3044 Christum,
475 2979 505 3034 et
532 2969 582 3032 ita
608 2971 726 3034 intrare
748 2969 780 3027 in
799 2947 935 3042 gloriani

6 3139 8 3184 4
51 3078 132 3156 stram
158 3071 218 3164 e),
247 3097 328 3144 eum
349 3073 519 3168 inquam,
547 3073 607 3168 qui
638 3093 835 3166 cnaeternus
859 3070 935 3143 Dei·

59 3185 153 3264 Filius
176 3190 287 3263 estin
309 3188 421 3284 gloria
443 3187 577 3262 Patris:
613 3199 788 3276 Unigenitus
810 3197 930 3275 Filius,

60 3319 104 3395 rpri
125 3329 171 3379 est
195 3320 229 3378 in
241 3298 313 3392 stau
336 3314 440 3405 Patris
451 3301 520 3396 f),
549 3324 588 3378 ut
607 3306 651 3377 de
674 3331 717 3376 eo
736 3329 935 3402 praecursor

61 3419 183 3496 Christi
206 3442 360 3496 testatur.
414 3420 467 3493 Sic
485 3421 619 3516 quippe
639 3441 752 3494 totum
772 3421 936 3516 Evange-

60 3537 133 3611 lium
154 3557 365 3614 contextum
386 3560 455 3625 est,
485 3555 526 3610 ut
545 3539 590 3610 de
611 3540 737 3610 eodem
757 3533 849 3611 Filio
871 3539 935 3608 ho-

62 3656 154 3730 minis
177 3676 212 3729 et
229 3655 319 3728 Filio
345 3652 418 3725 Dei
439 3680 535 3726 nunc
561 3655 737 3741 humana,
765 3680 861 3726 nunc
887 3652 937 3723 di-

98 3857 125 3931 r)
143 3855 188 3922 Jo.
205 3855 309 3917 err.
326 3867 351 3922 a.
428 3857 457 3928 s)
480 3855 519 3912 n.
540 3857 573 3915 r.
592 3867 634 3919 ιε.
669 3853 671 3862 ’
708 3853 736 3925 e)
758 3855 796 3910 n.
821 3855 869 3913 rr.
889 3869 931 3918 το.

136 3941 166 4084 P
186 3939 250 4085 1Lgrrr.
270 3939 387 4015 ΙΧΛΟ,
462 3936 754 4036 e)1tXXW.26.
821 3937 930 4013 f)Jo.
