2438 4566
633 292 863 309 m

316 265 386 335 116

172 411 286 473 caron
313 432 394 499 tur,
437 410 520 508 quia
557 409 660 485 ficut'
682 412 828 485 lucerna
866 409 1112 489 incedentium
1148 394 1190 491 iu'

170 530 279 591 XUK
314 552 419 604 nocto
444 522 584 625 giessus
609 526 798 615 illuminat,
824 555 871 602 ne
896 549 959 603 aut
984 528 1023 601 in
1044 517 1183 621 foveas,

153 647 295 706 *W
310 666 372 721 aut
398 647 434 719 in
464 644 676 719 offendicula
707 642 858 741 quaeqde
884 646 1108 721 ambulantes
1133 649 1181 721 in

251 762 255 769 ’
310 784 470 839 currant:
505 762 553 839 ita
580 760 619 831 in
642 762 708 833 hac
733 763 849 835 saeculi
878 781 985 835 nocte
1012 752 1183 861 splendor

308 881 393 955 fidei
412 906 536 953 omnes
556 879 637 951 vitae
661 898 790 949 nostrae
812 904 972 973 gressus,
1000 900 1180 975 praeeunte.

308 999 441 1070 lumine
463 994 616 1069 veritatis
634 994 830 1083 illuminat,
852 1021 899 1067 ne
921 996 1043 1069 autin
1063 998 1180 1073 foveas

307 1134 554 1210 peccatorum,
581 1110 702 1183 autin
728 1111 943 1186 offendicula
973 1112 1111 1187 diaboli
1129 1114 1175 1187 in·

307 1230 474 1302 cidamusr
493 1233 515 1267 ‘⁶
590 1226 778 1323 Insigniter
819 1230 890 1303 hoc
934 1228 1177 1329 Theophanes
1210 1310 1213 1315 ,

305 1346 454 1418 homilia
476 1349 569 1423 lectu
595 1344 798 1440 dignissima
822 1346 859 1417 in
882 1346 959 1418 haec
981 1348 1096 1420 verba
1116 1344 1177 1439 oJ:
1206 1420 1209 1429 ,

229 1548 234 1555 η
305 1472 444 1541 ercerna
470 1474 603 1552 compris
627 1484 672 1535 est
695 1473 801 1534 oculus
826 1462 918 1535 duce
939 1462 974 1535 S.
1001 1462 1173 1561 Gregorio
1209 1484 1212 1489 '

215 1592 224 1609 '
304 1579 473 1652 Nazianz.
503 1596 592 1651 orat
625 1588 682 1666 38.
706 1577 842 1675 Paneg.
874 1578 919 1651 de
947 1578 1170 1655 Nativit'D.
1204 1644 1210 1655 .

302 1696 452 1769 illustrat
486 1698 654 1789 exemplo
691 1696 894 1791 primorum.
919 1708 1111 1793 pareutum
1138 1698 1175 1781 in¹

304 1814 482 1910 paradyso
508 1809 728 1906 simplicitate
752 1813 952 1885 nudorum:
996 1811 1103 1903 „Am
1126 1812 1171 1885 in·
1207 1872 1211 1877 .

300 1929 403 2024 quit,
443 1925 506 1998 ubi
549 1926 706 2024 improbi
746 1927 918 2002 daemonis
956 1930 1109 2005 consilio
1140 1946 1173 2015 et,

300 2024 485 2117 aversione
515 2070 534 2117 a
559 2044 666 2117 bono'
687 2044 871 2117 contrariae
894 2044 1042 2121 visionis
1067 2049 1172 2148 iactus
1211 2046 1217 2051 ’

300 2180 355 2235 est
389 2161 583 2258 particeps,
617 2183 690 2232 tunc
715 2175 817 2251 aperti
839 2171 920 2251 sunt
944 2174 1026 2235 oculi
1050 2150 1174 2251 commi

300 2307 374 2351 non
408 2297 448 2350 ut
477 2277 599 2349 melius
630 2277 817 2365 viderent,
852 2278 913 2351 sed
942 2298 982 2352 ut
1007 2278 1170 2377 intellige·

299 2416 379 2468 rent
402 2423 438 2467 se
465 2421 540 2469 esse
563 2394 700 2482 nudos,
728 2415 763 2467 et
785 2395 1042 2469 erubescerent.
1080 2398 1170 2471 Nam

298 2537 380 2609 quae
412 2534 535 2610 postea
564 2512 674 2585 subiit
698 2512 780 2585 mali
811 2511 991 2606 cognitio,
1019 2513 1170 2609 priorem

301 2630 557 2726 [implicitatem
578 2629 779 2713 hebetavit,
806 2629 1110 2724 quemadmodum
1126 2635 1174 2715 luz

297 2774 381 2817 men
410 2746 678 2817 succedentibus
710 2745 865 2817 tenebris
892 2750 1088 2819 naturalem
1117 2749 1176 2833 do

297 2888 417 2933 eorem
442 2860 576 2931 amittit.
592 2864 613 2896 “
679 2860 813 2931 Passim
837 2861 895 2934 hic
918 2863 1069 2960 srmplex
1090 2890 1173 2939 ocu·

292 2981 350 3051 lus
392 2975 524 3072 puritas
567 2975 771 3050 intentionis
809 3005 884 3052 uno
924 2981 1064 3069 verb‘o,
1109 3007 1174 3055 nec

295 3094 434 3165 diversa
464 3095 510 3165 ad
546 3095 700 3191 priorem
733 3096 904 3167 sententia
934 3096 1065 3170 dieitur
1093 3124 1171 3172 cum

295 3213 329 3285 S.
349 3211 574 3307 Augustino:
601 3209 683 3296 „Ut
702 3213 923 3300 noverimus,
943 3211 1064 3308 inquit
1081 3203 1172 3287 libro

295 3329 340 3401 II.
373 3330 418 3399 de
452 3331 612 3399 sermone
642 3326 692 3399 D.
723 3329 760 3399 in
794 3349 916 3401 monte
945 3325 1012 3419 d),
1052 3331 1176 3405 omnia

295 3471 405 3541 opera
432 3452 649 3532 nostratum
677 3464 751 3518 esse
779 3448 934 3532 munda«,
970 3466 1006 3519 et
1032 3453 1175 3544 placere

291 3561 329 3631 in
354 3579 547 3656 conspectu
575 3560 668 3648 Dei,
698 3563 727 3634 si
752 3563 838 3635 fiant
865 3563 1012 3659 fimplici
1041 3566 1173 3654 corde,

290 3676 330 3749 id
354 3697 424 3763 est,
453 3675 650 3750 intentione
678 3680 854 3775 superna,
881 3681 952 3753 fine
975 3679 1048 3753 illo'
1063 3682 1199 3765 chari·x

334 3857 366 3933 a)
382 3856 473 4000 iloni!
488 3858 577 3914 XHI.
598 3872 624 3931 ρ’.
649 3867 710 3933 298.
822 3861 850 3940 B)
872 3864 953 3920 Nm.
982 3876 1027 3933 4ς.
1057 3867 1089 3923 Τ.
1111 3866 1167 3929 111.

397 3942 415 3995 ’.
472 3955 527 4010 ,μ
552 3955 611 4005 218.
