2608 4684
268 399 272 408 .
361 338 431 426 37'2
680 324 913 388 ΞΕ...
1000 337 1003 341 ’

197 483 331 547 ·οΗ’ῡΐ
360 479 518 580 talesque
536 484 572 557 in
594 483 692 558 omni
714 481 900 556 hominum
922 505 1053 578 genere
1070 506 1228 561 monstras

224 606 325 662 XUX·
362 623 480 676 turum
502 630 559 675 me
580 601 793 698 profiteor.“
844 601 990 700 Semper
1012 604 1227 702 interprima

201 720 445 816 vwlegis
476 718 686 814 evangelicae
713 717 843 790 decora
871 718 940 790 fios
970 716 1112 791 illibatae
1141 721 1227 792 casti·
1297 735 1298 768 l

332 893 334 903 ,
358 838 441 910 tatis.
456 835 580 908 enituit
598 859 742 919 eorum,
761 834 823 928 qui
838 824 896 906 vel
916 834 1110 907 ministerio
1128 836 1224 920 la'cro,
1297 869 1298 932 3

357 957 416 1027 vel
435 953 515 1023 alias
535 972 649 1036 totos,
676 967 825 1045 totoque
844 952 917 1022 sese
937 976 1090 1048 corpore
1110 972 1145 1024 et
1165 951 1225 1026 ani·

357 1097 419 1143 mo
439 1067 525 1140 Deo
553 1067 799 1151 devoverunt,
823 1065 972 1140 iuvenes
997 1089 1031 1141 et
1056 1067 1228 1164 virgines,

319 1172 325 1188 ,
356 1189 456 1259 senes
487 1209 568 1255 cum
598 1181 821 1268 iunioribus,
860 1186 982 1278 quales
1012 1187 1229 1257 continentes

320 1326 322 1332 ’
354 1320 439 1398 post
464 1299 729 1372 Tertullianum
758 1299 803 1371 de
831 1300 990 1372 velandis
1014 1301 1228 1397 virginibus,

318 1503 323 1513 ι
355 1440 391 1490 et
422 1417 454 1488 S.
485 1416 706 1524 Cyprianum
737 1416 782 1488 de
810 1415 933 1488 habitu
958 1417 1163 1512 virginum,
1188 1443 1228 1490 ex

356 1534 507 1629 antiquis
527 1533 582 1604 88.
604 1531 673 1603 PP.
694 1529 927 1619 Athanasius,
950 1533 1148 1629 Gregorius
1165 1535 1231 1606 Na-

356 1652 545 1723 zianzenus
568 1669 602 1720 et
625 1648 830 1735 Nissaenus,
858 1648 1026 1735 Basilius,
1053 1651 1230 1747 Ephrem,

354 1765 592 1851 Ambrosius,
629 1764 932 1861 Chrysostomus,
967 1765 1234 1864 Hieronymus,

353 1882 576 1977 Augustinus
603 1900 667 1952 etc.
687 1880 931 1975 ¹singularibus
961 1882 1005 1954 de
1019 1873 1230 1978 ‘virginitate

256 2019 276 2058 ·-
352 1999 452 2070 libris
479 1997 734 2069 celebrarunt'
774 1997 865 2089 Quis
887 2023 975 2070 vero
1002 1997 1059 2069 88.
1089 1999 1229 2072 Patrum

291 2107 293 2112 ’
342 2123 425 2201 ¹est,
453 2114 515 2209 qui
543 2113 735 2208 angelicam
760 2114 851 2184 hanc
873 2113 1039 2186 virtutem
1067 2117 1231 2188 laudibus

353 2253 430 2320 non
443 2229 686 2311 celebraverit,
705 2229 1107 2325 commendaveritque?
1128 2231 1232 2305 Unde

350 2365 469 2419 tantus
490 2347 696 2430 sacratarum
722 2348 822 2416 nullo
845 2372 918 2416 non
946 2349 1232 2443 temporevirgi·

317 2487 319 2491 ·
353 2489 438 2536 num
458 2485 647 2546 numerus,
675 2463 713 2533 ut
738 2461 770 2532 S.
796 2460 994 2556 Gregorius
1018 2463 1079 2534 M.
1099 2465 1140 2534 in
1164 2491 1233 2537 una

351 2581 442 2653 urbe
465 2579 594 2650 Romae
618 2577 683 2649 tria
711 2579 901 2650 numerarit
923 2578 1052 2665 millia,
1081 2603 1230 2674 quarum

320 2685 324 2702 ’
352 2695 475 2792 pietati
502 2694 538 2766 in
565 2693 716 2788 acceptis
739 2679 827 2780 fert,
864 2694 1230 2795 quotlurbstpraedae

352 2813 584 2885 barbarorum
604 2809 748 2882 obsessa
770 2835 845 2881 nou
859 2810 1019 2902 'cessent

412 3039 487 3117 lam
501 3037 683 3116 iniecimus
696 3036 915 3117 mentionem
933 3034 1080 3140 prolixae
1094 3046 1228 3120 oratio·

344 3162 400 3233 nis
413 3162 455 3233 'in
474 3160 614 3232 laudem
631 3151 838 3256 virginitatis
855 3162 919 3234 sub
940 3163 976 3232 S:
993 3162 1146 3242 Theclae
1168 3169 1230 3236 'tro-

343 3279 438 3350 mine
454 3267 545 3350 inter
563 3277 717 3371 virgines
738 3271 1007 3374 protomartyris
1028 3279 1126 3374 apud
1141 3281 1230 3350 Me·

342 3394 506 3467 thodi‘um
520 3393 557 3462 ‘in
573 3393 741 3466 convivio
756 3395 932 3490 virginum
948 3393 1010 3464 ubi
1023 3394 1227 3467 orationem

342 3511 489 3611 primam
505 3509 680 3580 Marcella
699 3491 743 3581 stc
762 3511 960 3607 auspicatur
973 3507 1030 3598 al:
1054 3508 1227 3606 „Magna
1297 3605 1298 3610 ἵ

340 3625 631 3724 supramodum,
660 3640 764 3720 atqu‘e
783 3627 963 3712 miranda,
990 3625 1223 3722 gloriosaque

339 3763 395 3817 res
418 3763 470 3814 est
491 3740 688 3836 virginitass
717 3763 757 3811 'ac
783 3742 812 3812 si
835 3747 949 3838 palam
975 3742 1227 3837 loquendum,
1297 3761 1298 3812 1

340 3885 387 3930 ex
406 3860 577 3930 sacrarum
598 3856 847 3954 scripturarum
867 3879 956 3931 nutu
974 3858 1149 3954 sensuque
1168 3858 1223 3935 iu·

374 3999 761 4075 uanum-'⁴
