2438 4566
291 283 343 364 ⁶4

144 437 267 522 etfl’vf¹
291 454 371 498 rum.
425 423 514 518 Quo
530 442 648 498 autent
669 423 759 511 alio,
786 423 873 496 dum
890 425 1004 512 mala,
1031 427 1173 515 luctus,

128 545 263 610 xxxlx
292 543 422 629 fames,
448 541 536 630 fitis,
561 539 782 638 persecutio,
808 539 937 636 quibus
958 537 1085 613 sintin
1106 543 1170 614 hac

112 670 275 735 &W
293 660 368 735 vita
388 659 502 746 beati,
533 658 583 730 eis
607 677 885 755 proponuntur,
911 656 1017 729 solari
1041 657 1169 730 se'nisi

292 775 433 850 alterius
456 773 538 848 vitae
561 774 781 847 beatitudine
802 792 998 870 poterant,
1014 773 1173 872 apostoli

292 890 505 992 praesertim,
540 891 587 962 ad
618 917 710 986 quos
746 890 964 985 finguiariter
994 916 1169 964 converso

292 1013 475 1084 sermone:
512 1017 623 1094 Beati,
649 1007 715 1095 ait,
742 1020 834 1095 estis,
859 1036 929 1079 cum
953 1017 1171 1081 maledixerint

292 1135 399 1211 uobis,
421 1147 452 1197 et
467 1137 621 1218 persecuti
641 1123 855 1218 perfluunt,
874 1146 905 1196 et
924 1134 1069 1196 dixerint
1087 1152 1168 1197 omne

289 1252 410 1330 pierium
443 1250 607 1313 aduersum
640 1268 697 1312 uos
721 1252 914 1326 mentientes,
943 1263 1079 1332 propter
1098 1268 1170 1312 me.-

275 1369 425 1454 *gaudete
443 1378 474 1429 et
495 1368 657 1444 exultate,
674 1449 678 1457 .
695 1369 841 1451 qusniam
866 1340 978 1427 merces
995 1377 1107 1429 uestra
1124 1383 1169 1427 to·

286 1487 383 1569 piosa
403 1497 449 1548 est
471 1486 504 1547 in
526 1485 624 1551 eoelis:
642 1507 647 1512 ’
663 1479 711 1559 fit
732 1487 811 1551 enim
828 1484 985 1564 persecuti
998 1480 1082 1561 fieret
1098 1499 1169 1563 pro·

261 1576 264 1585 ⁵
288 1602 426 1687 phetas,
460 1602 515 1684 qui
534 1600 667 1679 fuerunt
695 1611 769 1662 ante
794 1617 865 1661 vos.
932 1587 1069 1663 Iterum
1100 1591 1170 1662 hoc

293 1736 370 1784 uno
396 1709 433 1781 in
454 1708 521 1780 hac
540 1705 613 1780 vita
635 1706 781 1793 solatio,
807 1704 921 1778 socios
947 1725 1031 1778 ante
1054 1732 1092 1779 se
1114 1707 1168 1789 ht·

295 1827 414 1902 buisse
440 1824 624 1907 dolorum,
647 1820 849 1916 etquidem
869 1822 1085 1920 prophetas,
1111 1822 1168 1919 qui

295 1940 449 2017 maxima
469 1938 507 2013 in
529 1937 758 2016 veneratione
781 1957 880 2013 erant
901 1934 1000 2037 apud
1017 1938 1168 2020 Judaeos.

360 2168 814 2274 Considerationepiarum
830 2176 1003 2252 mentium
1020 2176 1167 2274 dignum

295 2293 475 2370 videbitur
510 2295 791 2392 comparantium
827 2294 1017 2368 Canticum
1049 2294 1092 2367 B.
1124 2289 1168 2362 V.

292 2409 424 2487 Mariae
449 2418 635 2499 Magnificat
667 2437 751 2487 cum
784 2406 860 2486 istis'
890 2409 1169 2493 beatitudinibus

297 2527 545 2626 evangelicis,
581 2531 643 2602 has
670 2529 819 2603 scilicet
831 2527 992 2624 disperso
1028 2525 1168 2624 quidem
1212 2566 1215 2575 ·

296 2644 477 2733 ordine,
467 2670 505 2718 sn
527 2643 678 2720 Cantieo
698 2647 760 2719 illo
781 2645 975 2730 contineri,
997 2643 1215 2741 quatenus

294 2787 364 2861 per
387 2786 443 2836 eas
465 2761 540 2859 ipsa
563 2762 621 2834 hic
647 2762 743 2834 etin
767 2779 936 2834 {eternum
961 2761 1068 2834 beata
1089 2756 1215 2832 dici·
1204 2790 1215 2875 j

294 2895 356 2950 tur
381 2901 461 2951 cum
490 2875 708 2973 pauperibus
733 2877 856 2972 spiritu
881 2879 1079 2953 secundum
1105 2875 1168 2974 pri·

294 3018 390 3067 anam
420 2990 694 3081 beatitudinem,
722 2993 808 3067 dum
829 2994 1032 3090 magnificat
1056 2995 1191 3067 anima·

295 3108 371 3184 eius
401 3106 624 3197 Dominum,
658 3112 805 3207 quando
839 3132 924 3184 nato
954 3135 1001 3184 ex
1036 3137 1080 3186 ea
1108 3108 1169 3187 vir·
1205 3114 1215 3187 ί

293 3227 380 3325 gine
406 3226 561 3303 Christo·
576 3237 723 3302 abscissus
747 3249 795 3300 ert
817 3238 896 3320 Iapis
924 3237 963 3298 de
987 3249 1093 3301 monte
1108 3231 1168 3317 ste
1210 3274 1215 3315 ᾗ

295 3355 451 3432 manebus,
478 3365 510 3421 et
529 3356 682 3435 percussit
697 3351 863 3433 statuam,
890 3344 935 3415 de
961 3343 1181 3440 quemodo⁴
1207 3360 1215 3433 ';

296 3460 470 3549 diximuS,
498 3457 602 3535 Deus
614 3470 891 3553 fecitpotentiam
912 3467 1095 3535 intractu
1110 3469 1170 3552 suo
1208 3506 1215 3539 ε

293 3589 437 3671 dispersit
447 3587 596 3670 fitperbos
617 3598 716 3651 mente
737 3587 835 3689 cordis
844 3584 913 3666 sui·
950 3585 1107 3667 Deposuit
1117 3605 1170 3670 po·
1207 3598 1215 3665 ’,ε

293 3714 392 3768 rentes
411 3707 448 3769 de
456 3703 554 3786 sede,
577 3716 609 3767 et
628 3704 786 3768 exultauit
803 3702 942 3765 humiles.
960 3746 963 3750 Δ
993 3702 1098 3786 Qpiu,
1124 3694 1172 3775 in·

294 3807 391 3907 quit,
411 3825 545 3905 respexit
563 3821 770 3884 bumilitatem
789 3817 992 3897 ancillasuae,
1011 3822 1171 3896 eceeeninr

298 3954 338 4006 ex
356 3936 413 4003 boc
434 3934 558 4004 beatum
574 3955 622 4005 me
642 3938 743 4005 ditent
758 3954 859 4002 omnes
876 3916 1110 4019 generationes,
1135 3925 1168 3998 in
1193 3965 1195 3971 ·
