2574 4682
250 408 256 422 Ι
369 351 442 418 170
689 313 922 384 a

220 473 337 554 9⁸⁹⁸?
368 474 515 553 occultis
536 493 571 554 et
591 471 695 550 variis
714 474 801 547 airis
819 472 1042 572 passionibus
1063 472 1268 566 accidisse,

231 595 320 652 tht.
367 594 462 667 Nam
486 593 548 691 qui
568 592 787 666 calumniaris
813 619 871 678 ea,
895 618 973 688 quae
997 595 1111 664 oculis
1133 593 1265 682 vides,

125 761 132 776 .
208 709 355 782 W*
365 737 473 788 manu
494 731 616 796 tenes,
643 709 789 782 utilitate
814 693 942 782 sentis:
971 709 1059 806 quid
1090 711 1264 784 facturus

365 855 402 902 es
433 828 477 898 de
504 827 575 913 his,
604 853 683 924 quae
713 825 757 898 de
787 830 879 899 coelo
905 825 1097 900 venerint?
1123 827 1262 922 utique

360 943 618 1041 respondebis,
661 963 696 1020 et
728 969 851 1038 magos
884 944 919 1014 in
949 945 1106 1044 AEgypto
1136 947 1258 1016 multa

359 1061 458 1158 figna
483 1061 609 1144 fecisse
640 1061 684 1133 de
715 1064 854 1142 coelo.“
923 1060 1036 1158 Apud
1066 1049 1253 1134 loannem

358 1196 550 1277 postquam
572 1175 730 1271 quinque
751 1177 858 1248 millia
875 1177 1060 1250 hominum
1080 1177 1254 1258 Christus

356 1293 398 1370 in
426 1295 565 1378 deserto
592 1293 763 1380 cibasset,
790 1292 892 1374 etiam
928 1295 1062 1390 signum
1090 1314 1253 1395 petunt,

242 1449 243 1452 ¹
358 1413 466 1506 quale
493 1409 658 1492 nimirum
686 1411 833 1508 Moysis
856 1411 943 1498 luit,
983 1411 1043 1506 qui
1072 1411 1253 1494 Israelitas

357 1528 595 1624 quadraginta
623 1527 723 1611 annis
747 1529 846 1626 pavit
868 1553 1008 1610 manna.
1060 1538 1175 1610 Patres
1197 1557 1253 1598 no·

355 1629 419 1730 stri
436 1627 701 1719 manducaverunt
718 1672 832 1718 manna
849 1658 880 1718 in
900 1656 1035 1730 deserto,
1050 1651 1135 1740 ficut
1143 1653 1253 1734 scrip·

358 1784 428 1834 tum
449 1784 513 1834 esti
541 1771 655 1843 Panem
673 1770 709 1831 de
726 1773 798 1843 ‚celo
815 1741 899 1832 dedit
921 1773 964 1832 eis
983 1771 1172 1832 manducare
1193 1757 1249 1848 a).

358 1877 409 1950 Et
433 1877 478 1949 ad
507 1878 577 1949 hoc
601 1875 769 1948 videntur
796 1877 900 1948 etiam
930 1875 989 1948 h'ic
1014 1876 1170 1950 maxime
1196 1904 1249 1948 re·

252 1997 254 2000 ’
352 1993 496 2098 spicere
534 1991 700 2064 Pharisaei
735 2013 770 2065 et
806 1993 962 2083 Scribae,
1001 1993 1112 2066 veluti
1152 1993 1248 2068 infra

357 2110 457 2207 apud
483 2109 636 2182 eundem
662 2109 936 2205 evangelistam,
964 2130 1004 2182 ut
1027 2110 1246 2200 videbimus,

355 2225 525 2302 Pharisaei
550 2246 586 2299 et
611 2225 792 2298 sadducei
820 2246 1017 2298 tentantes:
1057 2249 1088 2299 et
1115 2256 1249 2314 rogave·

354 2344 1245 2431 nmmmfflwffloemmmmsffl

354 2459 487 2533 iterum
504 2458 550 2531 ad
569 2460 705 2554 fignum
719 2459 817 2532 Jonae
835 2480 1054 2557 provocatur
1072 2461 1125 2534 uti
1142 2463 1242 2558 apud

355 2577 446 2650 elios
471 2576 713 2672 evangelistas.
775 2566 984 2664 „Petebant
1010 2604 1118 2674 ergo,
1145 2573 1186 2652 rit
1207 2579 1239 2650 S.

356 2693 522 2766 Thomas
547 2692 584 2764 in
615 2694 711 2776 hunc
742 2697 861 2766 locum
894 2689 1154 2769 commentatur
1177 2692 1236 2785 b),

355 2811 494 2912 {ignum
520 2810 567 2881 de
588 2808 807 2896 coelestibus,
834 2812 896 2882 sed
921 2839 996 2886 non
1018 2833 1116 2886 erant
1138 2812 1239 2908 digni

355 2926 489 2998 videro.
550 2923 633 3003 Hoc
664 2925 757 2994 enim
797 2925 897 2999 dedit
931 2929 1101 3026 apostolis
1140 2931 1240 3018 suis,

352 3040 419 3137 qui
436 3041 605 3114 viderunt
622 3067 701 3114 eum
716 3043 988 3132 ascendentem,
1006 3047 1066 3142 qui
1087 3047 1237 3142 gloriam

352 3141 1280 3236 fflfflfflmmmm.fflmmfflmst

322 3274 449 3356 ,bitur
479 3276 547 3348 uisi
580 3277 717 3372 fignum
749 3277 786 3348 in
816 3271 956 3352 inferno
987 3299 1159 3374 quantum
1186 3280 1231 3351 ad

345 3393 528 3480 ⁴enimam,
564 3413 599 3465 ot
626 3393 671 3466 de
699 3413 790 3466 terra
816 3417 989 3490 quantum
1017 3396 1063 3468 ad
1088 3422 1231 3493 corpus.

341 3575 349 3586 ,,
358 3520 439 3586 Unde
455 3537 513 3580 non
533 3519 659 3582 dabitur
681 3523 724 3582 eis
741 3523 799 3583 nisi
808 3517 930 3596 signum
948 3522 1033 3592 ,lone
1043 3517 1232 3604 prophetaef‘

349 3626 557 3723 Exponitur
582 3626 653 3697 hoo
684 3627 881 3722 expressius
909 3627 1047 3703 Matth.
1073 3630 1157 3700 XII.
1185 3631 1230 3702 ad

349 3767 474 3814 eorum
501 3742 663 3816 malitiam
693 3744 1022 3840 perstringendam,
1050 3745 1110 3842 qui
1142 3748 1227 3820 blas·

345 3860 564 3973 phemobant
583 3860 766 3952 Christum
786 3861 825 3935 in
845 3861 1049 3936 Beelzebub
1065 3863 1235 3965 principe·

388 4007 628 4086 mhfflm
719 4011 1029 4086 huma&
