2438 4566
308 308 382 374 3²4
627 271 861 332 Ξ

862 359 875 400 0

161 437 278 497 caver
307 439 439 511 cunt?t
504 433 601 507 Rem
624 432 749 506 melius
775 426 926 531 explicat
955 433 996 508 in
1021 434 1180 512 Ezechit·

137 555 288 618 mmlx
306 560 399 627 lem:
427 553 574 640 „Ecce,
600 551 715 646 inquit
738 549 798 640 a),
826 577 905 648 pars
928 554 1097 627 Marthae
1116 583 1180 629 non

146 674 291 728 “W
306 669 594 768 reprehenditur,
614 669 681 763 sed¹
696 669 826 740 Mariae
844 670 1021 744 laudatur.
1061 670 1180 770 Neque

307 789 405 861 enim
423 789 557 858 bonam
577 805 713 881 partem
737 786 884 881 elegisse
903 786 1073 860 Mariam
1096 788 1178 877 dicit,

306 907 369 976 sed
389 904 581 999 optimam,
607 923 646 974 ut
669 902 771 973 etiam
800 929 880 998 pars
910 903 1077 978 Marthae
1104 906 1179 979 iudi·

306 1042 443 1094 caretur
467 1021 576 1091 bona.
643 1017 914 1110 Quareautem
947 1045 1031 1115 pars
1059 1023 1178 1096 Maria

306 1139 349 1210 stt
371 1137 530 1233 optima,
566 1135 777 1206 subinfertur
808 1136 890 1207 c'um
924 1135 1082 1211 dicitur:
1119 1150 1179 1234 Qua

303 1282 366 1326 ma
388 1262 547 1340 afferetur
568 1264 609 1325 ab
632 1280 679 1324 ea.
729 1252 860 1324 Activa
886 1252 984 1324 euim
1010 1255 1177 1335 vitatum

303 1394 460 1466 corpore
480 1369 609 1442 deficit.
642 1368 735 1461 Quis
754 1369 847 1440 enim
866 1369 904 1440 in
925 1393 1063 1445 aeterna
1081 1374 1176 1471 patria

306 1514 438 1587 panem
457 1487 620 1559 esurienti
640 1487 818 1582 porriget,
841 1485 904 1559 ubi
927 1515 1039 1562 nemo
1058 1490 1176 1562 esurit?
1211 1570 1214 1579 ¹

309 1606 404 1698 Quis
424 1627 550 1701 potum
569 1605 700 1675 tribuat
716 1603 861 1688 sitienti,
883 1605 948 1676 ubi
970 1633 1080 1681 nemo
1097 1606 1175 1681 sitit?

307 1724 402 1815 Quis
415 1743 595 1792 mortuum
608 1721 773 1816 sepeliat,
798 1721 860 1794 ubi
880 1748 990 1796 nemo
1015 1723 1176 1799 moritur?

306 1839 404 1910 Cum
439 1837 604 1933 prasenti
643 1863 732 1933 ergo
764 1838 892 1912 saecuio
924 1841 1001 1914 vira
1037 1845 1176 1916 auferuu

304 1956 440 2027 activa:
468 1955 745 2051 contemplativa
770 1978 886 2028 autem
912 1957 972 2031 hic
996 1958 1176 2058 incipitur,

304 2074 401 2146 utin
422 2072 553 2175 coeiesti
576 2074 686 2168 patria
709 2074 929 2169 perficiatur:
952 2076 1039 2171 quia
1058 2074 1176 2151 amoris

304 2191 420 2287 ignis,
447 2190 591 2286 qui-hic
612 2191 735 2263 ardere
755 2191 920 2276 inchoat,
944 2217 1030 2264 cum
1054 2193 1174 2292 ipsum,

303 2334 414 2404 quem
441 2327 556 2391 amat,
581 2307 734 2394 viderit,
760 2308 797 2380 in
826 2334 947 2380 amore
975 2307 1090 2405 ipsius
1118 2335 1175 2382 am·

305 2428 400 2525 plius
439 2424 595 2522 ignescit
663 2424 953 2520 Contemplativa
991 2452 1081 2523 ergo
1114 2426 1174 2499 vin

306 2545 453 2616 minime
480 2545 656 2615 aufertur:
694 2541 777 2637 quia
801 2541 981 2614 subtracta
1006 2543 1174 2639 praesentis

306 2664 391 2735 vitae
430 2665 509 2733 luce
549 2658 737 2756 perficitur.
758 2661 781 2695 “
859 2656 1049 2755 Deinceps
1084 2660 1174 2733 etiam

305 2797 491 2872 utramque
513 2778 604 2847 hanc
623 2776 731 2845 vitam
751 2777 917 2870 exemplo
939 2774 1032 2860 Liae,
1057 2797 1093 2850 et
1113 2777 1174 2848 Ra·

299 2890 413 2965 theiis
434 2912 516 2988 post
533 2891 565 2961 S.
586 2869 830 2985 Augustinurir
852 2891 930 2962 Lib.
952 2892 1081 2966 XXII.
1103 2918 1173 2966 con·

295 3026 356 3082 tra
373 3008 540 3080 Faustum
558 3033 635 3103 cap.
654 3032 712 3096 54
737 3030 772 3080 et
791 3031 848 3096 55.
871 3008 1032 3082 illustrat
1073 3012 1171 3108 Supra

301 3150 391 3202 vero
417 3125 454 3197 in
478 3127 630 3197 eundem
659 3126 879 3197 Ezechielem
904 3127 951 3196 de
973 3129 1100 3202 eadem
1119 3128 1170 3199 du·

291 3246 387 3342 plici
409 3243 482 3314 vita
504 3241 563 3330 h),
591 3243 777 3337 quomodo
804 3243 841 3313 in
867 3242 952 3339 ipsis
979 3245 1169 3342 pastoribus

288 3366 420 3438 iocum
448 3360 580 3443 habet,
613 3379 720 3454 atque
746 3359 1000 3455 coniungitur,
1035 3363 1168 3460 copiose

300 3498 435 3555 tractat.
495 3469 530 3546 S.
566 3475 767 3549 Bernardus
801 3477 908 3548 Serm.
942 3477 1006 3564 111,
1038 3481 1083 3553 de
1109 3475 1166 3549 As·

285 3617 404 3672 aumt.
428 3594 469 3665 B.
492 3591 553 3664 Μ.
579 3593 708 3665 Maria:
734 3595 1054 3690 contemplationi,
1079 3595 1163 3669 Mar·

283 3717 441 3812 ·thaeque
466 3708 757 3783 administrationi
779 3710 893 3807 iungit
920 3711 1048 3787 Lazari
1069 3707 1160 3813 puni·
1215 3699 1217 3718 ⁵

334 3904 365 3975 a)
383 3896 440 3962 Lib.
459 3908 503 3963 ῙΙ.
523 3911 601 3964 Hom·
620 3908 664 3964 ῙΙ.
684 3930 709 3964 n.
728 3916 754 3978 ’9.
771 3914 798 3983 p.
820 3909 898 3980 132'4.
941 3955 947 3965 .
1196 3920 1209 3946 ⁴*

365 3973 396 4040 b)
414 3977 471 4032 Lib.
490 3979 518 4034 Ι.
535 3979 614 4035 Hom.
634 3979 696 4039 III.
715 4000 741 4036 n.
759 3999 787 4052 9.
799 3982 874 4055 seqq.
890 3996 919 4052 p.
941 3997 1018 4052 1195.
1035 3992 1081 4040 etc·
1190 3992 1218 4063 ᾗ,
