2438 4566
91 461 166 512 esse
194 457 347 532 regnum
373 437 543 510 eoelorum
575 434 681 523 dicit,
718 434 891 510 subintrat
918 436 968 529 a).
1002 433 1117 500 ΘΗΜ

88 555 323 629 Fermentum
345 572 477 627 naturae
505 553 696 627 acrimonia
717 553 970 650 cognationem
1028 556 1088 618 XL

88 673 199 746 habet
240 695 322 743 cnm
359 671 455 757 sale,
502 691 765 767 cognatumque
803 669 842 742 in
881 676 1129 769 paneW‘*

90 814 219 875 usum,
254 787 342 867 dum
374 786 557 860 modicum
589 789 800 862 fermentum
834 814 972 884 magnae

93 904 210 980 tarinae
235 925 357 979 massae
387 903 584 976 admixtum
607 905 672 978 suo
697 907 823 1011 sapore
849 930 973 1009 perva-

85 1022 146 1099 ,dit
168 1019 393 1108 universam,
426 1021 536 1118 vique
563 1023 631 1094 sua
647 1022 792 1110 attollit,
829 1041 865 1095 et
885 1022 971 1120 sapi·

93 1140 173 1235 dam
197 1134 307 1211 efficit
329 1136 477 1235 perinde
504 1165 545 1212 ac
565 1140 612 1210 sal
638 1138 793 1236 reliquos
821 1139 991 1236 quosvis·

93 1257 215 1331 cibos:
261 1279 334 1352 quo
370 1257 475 1329 sensu
513 1256 662 1328 eandem
697 1256 972 1354 appiicati‘onem

93 1373 196 1447 habet
215 1372 254 1444 in
274 1371 464 1474 Apostolis
486 1368 609 1468 (quos
635 1371 694 1444 hic
718 1375 766 1444 sal
792 1393 889 1446 terrae
919 1373 971 1445 di-

82 1487 164 1580 cit)
191 1490 365 1586 parabola
386 1488 571 1592 fermenti,
597 1490 634 1560 in
655 1488 791 1584 quibus
806 1489 970 1562 nimirum

46 1614 49 1701 j
99 1607 302 1695 {armentum
333 1606 505 1680 doctrinae
538 1606 753 1701 evangelicae
784 1606 969 1679 conditum

100 1724 267 1804 universae
291 1744 392 1796 terrae
413 1748 567 1802 massam
584 1722 819 1807 fermentavit.
848 1722 970 1816 ¹Quod

102 1833 358 1914 cum'doctrina
378 1839 480 1920 etiam
498 1829 705 1936 prava'fieri
725 1840 853 1936 possit,
883 1840 969 1914 hinc

103 1977 163 2046 est,
188 1955 290 2054 quod
312 1975 384 2037 turn
409 1983 430 2029 a
454 1955 599 2030 Christo
620 1957 656 2028 in
680 1958 855 2029 fermento
880 1955 970 2029 Pha-

103 2058 297 2160 risaeorum,
328 2093 401 2146 tum
427 2100 448 2146 a
478 2073 529 2146 D.
552 2075 666 2147 Paulo
691 2074 728 2144 in
756 2073 970 2167 deteriorem

104 2209 225 2288 partem
249 2189 417 2288 accipitur
435 2191 462 2264 1.
485 2191 570 2274 Cor.
588 2191 640 2303 Vi·
659 2194 693 2307 63
717 2189 802 2301 'Gar
824 2188 869 2260 V.
893 2212 933 2283 92

136 2378 163 2452 a)
182 2373 285 2473 aneh-
307 2372 401 2443 xm
425 2387 471 2447 aa
559 2377 590 2453 t)
614 2375 675 2433 trec.
696 2373 789 2447 Χιιι.
813 2385 858 2444 an
