2452 4560
396 349 628 367 m

879 341 948 411 119

64 476 138 543 vire
173 484 208 539 et
239 472 432 538 Mammonae.
509 463 666 553 „Deum
706 465 873 562 quidem,
911 487 952 539 ut
977 458 1092 525 ΟΜ

10 600 331 678 commentatur
356 581 390 655 S.
410 582 564 655 Irenaeus
589 579 653 674 a),
680 584 855 657 confitens
878 581 953 655 De·

10 724 23 781 ἰ
67 726 159 789 um,
204 700 461 773 Mammonam
501 716 618 772 autem
657 701 844 773 nominans
882 693 1108 773 hocffl

10 789 23 901 ‚i
66 816 175 915 quod
206 835 273 891 est.
353 815 449 891 Nam
483 814 736 891 Mammonam
766 807 953 890 dominum

10 883 23 1027 i
68 950 182 1009 vocat
216 933 367 1007 dicens:
423 942 491 1002 Non
524 945 660 1021 potestis
702 943 818 1006 duobus
860 946 956 1006 domi·

10 1052 13 1061 ’
69 1062 121 1123 nis
132 1056 258 1139 semite
267 1092 281 1137 3
307 1050 369 1131 sed
399 1048 592 1145 discipulos
626 1050 733 1124 docet
763 1050 955 1125 servientes

68 1162 183 1255 Deo,
218 1192 295 1241 non
320 1150 442 1239 subiici
467 1166 712 1255 Mammone,
751 1194 865 1263 neque
892 1168 957 1240 do·

69 1282 201 1365 minari
225 1282 271 1357 ab
300 1310 354 1364 e0.‚
406 1292 469 1377 ‚Qui
493 1294 594 1370 enim,
620 1283 758 1377 inquit,
777 1295 865 1373 facit
883 1312 956 1375 pec·

68 1422 206 1487 cuturn,
229 1406 346 1495 servies
375 1421 421 1472 est
441 1410 574 1489 pcccati.
641 1388 958 1490 Quemadmodum

67 1514 178 1611 igitur
213 1515 405 1597 servientes
442 1534 620 1613 peccato,
662 1517 782 1587 servos
819 1515 956 1612 peccati

70 1650 202 1721 vocat
229 1656 305 1703 non
333 1650 452 1704 tamen
478 1632 593 1748 iprum
622 1650 808 1729 peccatum
833 1630 957 1702 Deum

69 1752 251 1847 appellat,
276 1748 337 1819 sed
368 1768 403 1821 et
434 1772 520 1836 eos,
547 1748 609 1844 qui
638 1748 864 1823 Mammonae
891 1749 958 1818 ser·

68 1866 200 1953 viunt,
238 1866 360 1937 servos
392 1866 619 1939 Mammonae
654 1868 836 1960 appellat,
879 1888 957 1939 non

69 1980 195 2061 Deum
222 1984 404 2079 appellans
429 1982 681 2055 Mammonam
697 1985 706 2053 Ι
720 1984 742 2018 “

145 2212 237 2311 Satis
264 2214 431 2311 exprimit
453 2215 526 2291 vim
552 2194 733 2303 sententiae,
761 2212 894 2286 Christi
922 2212 958 2301 Sq

70 2330 220 2429 Martyr
253 2330 289 2401 in
324 2358 411 2421 eos,
446 2334 509 2428 qui
537 2334 675 2415 divitias
699 2333 808 2402 instar
832 2329 958 2401 Numi·

73 2446 314 2534 eishabent,
349 2448 449 2543 quod
479 2468 533 2521 est
558 2448 799 2531 Mammom,
836 2446 958 2540 graecis

24 2599 30 2607 ·
72 2550 237 2669 πὶῶτος.
254 2564 312 2638 cui
336 2563 464 2636 fervire
491 2565 591 2637 stmul
617 2590 657 2635 ac
683 2562 769 2634 Deo
798 2580 849 2632 est
870 2561 960 2632 Pau·

70 2682 130 2769 lo,
156 2689 310 2751 idolorum
321 2688 464 2769 servitur
487 2676 538 2770 h).
600 2679 656 2751 Sic
675 2678 770 2763 idem
793 2677 874 2749 Col.
894 2676 960 2759 HL

72 2820 106 2889 5.
120 2794 303 2871 avaritiam
315 2817 432 2885 notat,
445 2825 508 2891 que
520 2804 805 2885 estfimulacrortrm
807 2802 959 2882 servitus,

70 2932 229 3009 utroque
258 2896 347 2993 'loeo
384 2913 469 2995 vitia
500 2914 613 2985 carnis
642 2912 857 3010 praemittens
891 2932 969 2982 usu·

74 3030 176 3127 apud
210 3030 378 3103 doctores
412 3030 617 3102 Judaicos
607 3056 644 3101 m
677 3056 776 3102 more
812 3026 958 3124 posim,

10 3145 249 3269 quaelibet
266 3146 477 3219 idololatriae
500 3145 735 3241 comparandi
747 3143 841 3216 vitia.
892 3144 962 3215 Sic·

40 3298 50 3329 r
75 3283 118 3337 ut
135 3263 241 3369 etiam
263 3266 447 3361 apostolus
465 3283 565 3334 notat
585 3275 724 3333 inimicos
738 3273 842 3331 crucis
865 3248 964 3330 Chris·

80 3392 106 3451 ti
128 3379 232 3452 Phil
250 3380 313 3455 ΙΙΙ.
344 3390 399 3456 18
430 3398 494 3452 ete.
532 3407 662 3470 quorum
689 3387 765 3463 finis
791 3389 959 3447 interitus:

10 3371 25 3599 i
84 3524 206 3585 quorum
230 3504 315 3568 Deus
339 3520 445 3569 venter
471 3518 537 3584 est,
566 3522 658 3591 quos
683 3522 748 3567 nos
770 3494 885 3565 dicere
910 3493 962 3561 io·

10 3602 34 3707 εξ.
88 3610 214 3699 lemus,
240 3612 357 3684 ventri
382 3613 544 3699 dedit08‚
572 3611 961 3709 voluptatibusnempe

10 3722 38 3827 13}-
93 3746 158 3821 quae
185 3756 231 3801 ex
256 3729 397 3825 ingesto
422 3730 503 3802 cibo
528 3756 568 3801 ac
590 3749 680 3827 potu
703 3725 955 3823 percipiuntur.

10 3814 54 4106 HN
127 3906 153 3983 a)
183 3912 238 3967 Lib.
265 3912 320 3971 m.
344 3922 431 3968 contra
452 3914 535 3971 haeres.
565 3930 588 3981 ς.
614 3921 639 3977 8.
667 3929 691 3967 ²¹·
718 3926 742 3972 Ι.
773 3923 799 3982 Ρ·
828 3919 885 3971 182·
911 3917 961 3979 ²¹⁶2

168 3996 196 4071 ¹3)
219 3997 305 4067 Ephes.
333 3994 365 4052 V.
391 4012 419 4065 ς.
