2438 4566
244 294 315 389 ¹3⁶,
559 280 793 344 ..Ε-.-

101 440 216 521 Sfflff
244 424 442 541 poiuerunt
460 459 583 517 contra
601 438 749 511 domum
767 439 870 537 supra
893 456 1033 537 petram
1055 440 1130 516 fun·

126 563 196 623 HV·
247 561 382 650 datam,
401 560 508 657 gratia
530 557 693 629 nimirum
707 557 895 653 Evangelii
914 558 1067 631 Christi:
1085 560 1128 633 de

88 674 232 743 ΜΝ
246 704 319 775 qua
341 680 519 775 apostolus
541 674 817 749 Colossensibus
840 676 884 763 lt
910 697 943 764 5.
969 696 1037 764 etc,
1056 704 1125 775 gra·

247 800 377 873 tulatus
396 804 557 880 gaudem,
592 814 622 864 et
649 803 777 881 uidem,
806 793 875 882 ait,
903 805 1043 867 ordinem
1064 822 1125 869 aer·

250 934 334 1009 rrum
359 931 389 982 et
409 919 639 996 firmamentum
669 914 755 999 eius,
782 939 844 1003 qua
865 924 897 983 in
928 922 1049 985 Christo
1069 898 1138 997 est,¹

246 1038 323 1116 fidei
342 1050 459 1100 uestra.
519 1037 607 1098 Sicut
627 1055 697 1112 ergo
719 1041 879 1118 accepistis
901 1039 1012 1111 Jesum
1039 1038 1124 1101 Clitis·

248 1134 320 1215 tum
352 1154 539 1232 Dominum,
574 1157 699 1235 inipso
726 1157 903 1235 ambulate,
938 1140 1121 1223 radicatitt

239 1269 482 1351 fitperedificati
511 1275 658 1352 inipso,
685 1283 716 1336 et
746 1271 919 1348 confirmati
943 1270 1031 1349 fide,
1049 1266 1121 1348 ficut

242 1362 283 1450 'et
315 1389 490 1466 didicistis,
530 1389 718 1460 abundantes
747 1391 780 1450 in
809 1389 862 1449 illo
892 1391 926 1450 in
956 1366 1121 1465 gratiacus

251 1508 384 1587 actione.
454 1507 579 1584 Videte,
606 1525 641 1568 nc
664 1509 733 1589 quis
757 1525 815 1576 vos
833 1506 968 1586 decipiat
989 1524 1048 1587 per
1066 1505 1122 1565 im-

252 1641 322 1687 nem
327 1623 577 1704 philosophiam,
596 1636 627 1686 et
638 1626 759 1686 inanem
777 1622 954 1698 fallacium,
962 1620 1122 1700 secundum

253 1744 437 1803 traditiones
457 1742 632 1819 lominum,
648 1740 819 1822 secundum
840 1740 986 1821 clementa
1011 1737 1125 1813 mundi,

146 1920 156 1935 ,
254 1869 287 1924 ct
304 1877 362 1918 non
370 1857 540 1947 secundum
567 1857 740 1919 Christum:
768 1859 845 1939 quia
868 1858 901 1916 in
929 1857 998 1935 ipso
1018 1853 1126 1916 inhabi-

254 1986 309 2036 tat
335 1978 432 2036 omnis
456 1974 618 2056 plenitudo
647 1975 827 2042 divinitatis
860 1972 1126 2054 corporaliter‚tl

220 2142 225 2151 .
255 2093 329 2153 estis
353 2096 385 2154 in
409 2092 462 2153 illo
486 2093 593 2174 repleti
622 2104 677 2155 etc.
745 2081 884 2171 Iudaeos
913 2079 1063 2175 perinde
1089 2100 1126 2149 ae

256 2198 406 2271 Graecos
431 2198 488 2271 hic
513 2198 737 2294 perstringit,
766 2197 971 2292 quicunque
999 2195 1043 2269 de
1067 2192 1113 2269 s'

255 2315 409 2413 propriis
444 2315 614 2412 operibus
652 2318 712 2396 ¹[eu
747 2313 916 2410 sapientia
949 2338 1129 2409 praesumo·

255 2432 361 2525 bant,
389 2432 536 2530 gratiam
558 2433 691 2507 Christi
716 2433 921 2529 ignorantes
947 2450 1011 2513 aut
1035 2454 1129 2528 repu-

247 2551 406 2631 ‘diantes
456 2561 588 2646 Quare?
615 2552 709 2643 idern
732 2549 854 2648 quaerit
881 2553 1068 2645 apostolus
1084 2544 1130 2639 a),

255 2679 340 2759 ‚Quia
360 2698 419 2741 non
433 2697 471 2741 cx
479 2678 560 2756 fide,
570 2677 632 2756 fied
652 2681 742 2760 quasi
760 2695 799 2740 ex
819 2677 981 2758 operibus:
1008 2674 1133 2754 offendo

254 2764 330 2873 runt
340 2797 418 2854 euim
429 2798 461 2853 in
471 2795 603 2874 lapidem
613 2790 801 2871 offensionis,
816 2780 1059 2874 ficutscttptum
1071 2788 1132 2864 ttt':

253 2907 423 2986 Eccepono
439 2910 472 2967 in
489 2907 562 2969 Sion
574 2909 706 2989 lapidem
721 2922 776 2972 etc.
795 2922 835 2973 ut
852 2901 964 2972 modo
984 2902 1134 2973 eundem

252 3017 373 3085 Iocum
396 3012 491 3085 Isaiae
511 3014 690 3088 XXVIII.
718 3021 774 3095 16.
795 3021 942 3117 allatum
960 3044 983 3089 a
1001 3017 1052 3103 D,
1073 3018 1133 3090 Pe·

252 3151 310 3204 tro
337 3130 560 3223 audivimus,
598 3135 684 3230 qui,
725 3145 814 3225 Vobis
837 3147 957 3223 igitur,
992 3132 1132 3221 subdit,

252 3259 349 3322 lioaot
368 3261 575 3327 credentibus:
603 3279 663 3340 nou
681 3262 867 3334 credentibus
892 3272 1018 3345 autem,
1040 3264 1134 3345 lapis,

252 3396 342 3460 quem
364 3379 605 3458 reprobaverunt
626 3377 826 3456 edificantes,
854 3378 904 3440 liic
914 3379 1031 3458 factus
1045 3390 1090 3449 est
1104 3379 1137 3441 ia

252 3506 349 3577 caput
383 3496 506 3572 amuli,
532 3507 563 3570 et
587 3497 668 3578 lapis
687 3472 864 3572 offensionis
890 3509 921 3558 et
938 3509 1036 3576 petro
1045 3494 1137 3577 scua-

254 3614 404 3689 dalilis,
429 3616 482 3695 qui
502 3610 664 3690 offendunt
679 3615 789 3692 verbo,
810 3632 863 3676 nec
885 3615 1014 3677 creduut
1029 3594 1138 3699 inquo

255 3740 286 3810 et
301 3734 400 3808 positi
410 3730 499 3808 suut.
545 3720 690 3818 Nempe
699 3729 941 3813 superedificati
948 3730 1052 3814 super
1062 3732 1138 3815 suttf

252 3845 431 3909 dementum
467 3851 677 3928 apostolorum
714 3859 744 3913 et
774 3847 1033 3933 prophetarum,
1076 3836 1138 3941 qui

296 3982 325 4062 a)
347 3984 420 4048 lium
445 3986 498 4062 IX
522 4001 566 4058 32.
