2438 4566
880 304 968 375 ,379

89 436 154 503 sus
171 413 367 502 vendentes
387 433 521 527 templo
541 430 714 516 eiecisset,
738 450 973 528 peterentque
994 425 1112 493 01²⁰!

89 549 140 619 ab
159 573 203 618 eo
226 547 379 640 signum,
403 549 503 644 quod
523 550 595 621 haec
612 549 759 633 faceret,
781 547 867 620 isin
889 548 970 645 ipso
1035 548 1066 606 ⁰·

61 663 207 734 =statim
240 664 310 734 hoc
340 664 595 761 praedicationis
626 664 776 736 exordio
806 691 893 736 mox
924 665 1125 736 eisvw

90 778 387 853 resurrectionem
420 762 514 851 fuam
547 781 611 854 sub
644 782 764 878 tempii
798 783 972 855 schemate

91 895 345 981 denunciavit,
366 917 397 968 et
416 907 500 968 dixit
517 909 578 970 eis.-
603 906 718 970 Solvite
736 909 879 988 tempium
898 908 972 986 hoc,

91 1026 181 1085 etin
206 1024 303 1085 tribus
325 1022 429 1087 diebus
448 1023 589 1086 excitabo
614 1023 701 1088 illud.
750 1014 849 1087 Idem
878 1015 975 1086 dein·

91 1156 177 1225 ceps
195 1155 269 1203 non
289 1129 394 1204 semel
411 1128 510 1215 fecit,
531 1129 630 1202 Jonae
649 1131 838 1228 proposito
857 1157 975 1203 exem·
1026 1157 1029 1164 ·

90 1250 169 1343 plo.
199 1245 271 1316 ·At
298 1237 347 1316 illi
375 1232 507 1316 nullam
533 1246 664 1320 horum
683 1247 843 1320 omniurn
871 1249 975 1319 ratio·

91 1389 175 1435 nem
200 1362 414 1435 habuerunt:
443 1363 528 1433 dum
551 1362 693 1435 demum
714 1364 865 1458 ipsicius
886 1377 976 1437 disci·

87 1491 179 1573 puli,
199 1508 266 1550 cum
285 1491 498 1551 resurrexisset
514 1507 535 1549 a
555 1494 702 1566 mortuis,
725 1489 974 1568 recordatifimt,

67 1581 183 1689 quia*
201 1603 257 1666 lroc
287 1605 428 1680 dicebat,
468 1595 514 1668 de
544 1599 680 1693 templo
712 1594 871 1692 corporis
900 1597 973 1684 sui,

93 1735 126 1786 et
147 1722 526 1802 credideruntscripturae,
555 1735 586 1785 et
601 1723 754 1800 sermoni,
779 1739 868 1804 quem
890 1723 975 1784 dixit

90 1834 212 1913 Jesus,
237 1827 347 1900 Judaei
369 1849 485 1905 tamen
511 1830 606 1902 haud
630 1829 742 1925 ignari
769 1816 972 1926 praedixisse

95 1944 282 2018 Christum
304 1946 615 2034 resurrectionem,
647 1949 867 2045 conveniunt
888 1944 978 2018 Pila·

95 2083 172 2135 tum
190 2074 319 2137 dicentes
338 2059 396 2152 u):
422 2072 569 2149 Domine,
590 2073 742 2134 recordati
750 2071 879 2150 firmus,
901 2075 977 2156 quia

82 2188 234 2268 seductor
259 2189 310 2251 ille
335 2191 419 2252 dixit
444 2190 543 2251 adbuc
569 2191 702 2252 uiuent:
731 2190 807 2253 Post
829 2202 890 2254 tres
914 2189 977 2252 dies

93 2323 261 2380 resurgam.
312 2304 391 2375 Jube
410 2323 480 2380 ergo
504 2307 651 2368 custodiri
661 2305 861 2386 sepulcrum.-
888 2351 903 2378 .,
927 2351 935 2366 .
965 2351 973 2368 .

91 2441 130 2484 rte
145 2420 235 2500 forte
254 2425 383 2482 veniant
404 2421 547 2499 discipuli
565 2424 649 2498 eius,
677 2433 708 2483 et
719 2421 868 2507 furentur
890 2441 976 2496 eum,

92 2550 151 2600 etc.
214 2526 248 2598 Si
275 2553 431 2622 unquam
461 2525 544 2598 alias
572 2528 644 2599 hoc
671 2549 765 2600 certe
793 2530 870 2602 solo
896 2527 978 2600 faci·

93 2670 185 2718 nore
207 2642 375 2738 indignos
398 2669 435 2715 se
459 2643 675 2730 reddebant,
699 2644 827 2740 quibus
850 2671 886 2718 se
906 2672 976 2716 rna·

94 2759 461 2848 niIestaret·Christus
486 2785 698 2855 resurgens:
734 2765 833 2857 quod
858 2781 976 2834 tamen

93 2879 253 2960 fecerant
280 2878 423 2973 quidam
451 2878 496 2950 de
527 2877 610 2976 ipsis
643 2876 710 2975 illis
745 2879 977 2967 custodibus,

93 3021 189 3091 quos
218 2992 268 3065 illi
294 2995 338 3065 ad
360 2995 556 3090 sepulcrum
576 2995 742 3069 constitui
763 2997 934 3093 petebant
956 3023 977 3069 a

95 3111 231 3199 Pilato,
251 3111 331 3206 qui,
350 3130 389 3183 ut
407 3111 542 3188 Matth.
557 3111 736 3182 XXVIII.
757 3137 809 3183 11.
827 3133 976 3184 uenerunt

415 321 648 341 β--Ὗ

94 3242 128 3300 in
145 3241 327 3313 civitatem,
351 3248 382 3298 et
399 3240 620 3305 nuntiaverunt
637 3239 827 3318 principibus
831 3237 977 3318 sacerdo·
993 3231 996 3239 ⁴
1025 3273 1027 3277 ,

95 3368 163 3418 tum
178 3357 293 3432 omniu,
307 3354 611 3438 quaefactufuerant.
624 3344 732 3417 Atilii
742 3365 977 3443 corruperunt

95 3462 265 3535 custodes
298 3461 473 3556 pecunia,
508 3483 548 3534 ut
562 3461 757 3549 dicerent,
787 3464 977 3558 discipulos

96 3601 205 3652 nocte
230 3577 390 3666 venisse,
422 3580 529 3674 seque
555 3578 813 3653 dormientibus
845 3579 980 3652 furatds

80 3679 173 3769 'esse
194 3721 334 3792 corpus.
382 3695 494 3769 Cuius
514 3696 563 3769 rei
587 3699 805 3770 luculentum
829 3693 980 3785 habetur

99 3814 195 3910 apud
221 3811 394 3894 Iustinum
421 3814 481 3885 M.
502 3810 747 3894 ‚testimonium
772 3811 809 3884 in
832 3811 977 3908 dialogo

100 3917 180 4002 curn
207 3929 412 4024 Tryphone
437 3931 559 4008 iudeo
582 3920 623 4002 n.
662 3937 739 4016 108.
772 3928 927 4005 delectos
954 3944 974 4000 a·
