2438 4566
576 336 806 351 m

253 325 300 399 90

108 454 221 518 0·va
254 449 563 552 comparandum?
601 450 789 546 Insigniter
821 454 1029 549 exemplum
1061 442 1138 530 boe

116 580 214 639 xttv.
254 571 368 651 Patris
385 567 534 645 coelestis
550 566 581 644 S,
597 567 799 666 Cyprianus
816 557 1018 642 illustratur
1036 569 1130 645 libro
1157 596 1158 599 ’

87 690 230 761 W*
253 702 291 764 de
310 699 386 764 bono
400 698 579 778 patientie:
605 737 629 773 ,‚
639 685 712 772 Sic,
739 685 804 772 ait,
830 687 1010 782 perlectos
1036 680 1128 761 dixit

252 807 330 881 fieri
361 803 435 877 Dei
467 801 586 890 filios,
625 801 671 880 fic
702 804 940 879 consummari
967 805 1127 878 ostendit

253 944 289 997 er
317 920 441 994 docuit
472 919 613 993 coelesti.
635 918 816 998 nativitate
849 919 1066 1018 reparatos,
1100 922 1147 996 εἰἱ

144 1033 149 1043 ’
249 1037 416 1138 patientia
439 1037 522 1110 Dei
552 1035 665 1108 Patris
696 1057 838 1112 maneat
862 1037 900 1107 in
930 1038 1064 1128 nobis,
1098 1039 1132 1112 si

218 1216 222 1222 .
248 1154 437 1227 similitudo
480 1151 630 1240 divina,
672 1179 785 1249 quam.
813 1148 966 1257 peccato
992 1157 1124 1230 *Adam

248 1270 469 1370 perdiderat,
494 1270 756 1358 manifestetur,
784 1288 820 1346 et
841 1273 1021 1349 luceatin
1046 1273 1125 1363 acri·

247 1389 317 1461 bus
340 1388 478 1464 nostris.
529 1387 622 1482 Quae
643 1388 848 1486 gloriaest,
871 1389 1020 1464 similem
1041 1389 1125 1464 Deo

248 1504 346 1592 fieri,
386 1505 496 1602 qualis
527 1526 563 1578 et
592 1525 723 1607 quanta
749 1504 897 1583 felicitas
926 1506 1060 1580 habere
1086 1507 1125 1578 irr

248 1621 467 1714 virtutibus,
510 1623 610 1718 quod
644 1621 774 1700 divinis
808 1621 975 1697 laudibus
1011 1623 1125 1721 possit

250 1739 389 1834 aequari.
405 1742 427 1777 ‘⁶
475 1737 525 1810 Et
548 1742 658 1834 paulo
685 1758 788 1817 aute:
815 1739 838 1831 3,
850 1737 1050 1828 Videmus,
1076 1739 1151 1812 in-.

249 1877 302 1929 ter
325 1854 392 1927 alia
416 1854 553 1946 scribit,
589 1853 816 1952 inseparabili
839 1856 1040 1952 aequalitate
1070 1883 1124 1954 pa·

248 1971 379 2071 rientiae
400 1971 615 2050 nocentibus
635 1955 674 2044 et¹
689 1971 870 2060 innoxiis,
896 1973 1069 2070 religiosis
1091 1993 1124 2046 et

246 2087 385 2184 impiis,
422 2089 556 2184 gratias
585 2084 771 2183 agentibus
796 2107 840 2162 ‘'et
869 2091 1016 2186 ingratis
1050 2090 1120 2164 Dei

247 2227 339 2278 nutu
364 2198 524 2310 tempora
551 2200 718 2300 obsequi,
746 2209 919 2282 elementa
940 2208 1122 2295 famulari,

247 2321 377 2418 spirare
401 2341 556 2409 ventos,
581 2324 700 2395 fontes
729 2321 864 2409 fluere,
889 2326 1123 2419 grandescere

224 2493 226 2498 -
249 2436 369 2535 copias
392 2439 575 2527 messium,
595 2440 730 2516 fructus
753 2460 988 2512 maturescere
1008 2442 1125 2515 vinea-

247 2583 349 2644 rum,
389 2557 584 2653 exuberare
618 2556 735 2659 pomis
770 2557 936 2644 arbusta,
977 2584 1126 2633 nemora

168 2726 176 2750 r
247 2675 494 2760 frondescere,
517 2691 619 2776 prata
641 2673 771 2750 florere
789 2677 887 2746 etc.“
937 2673 1028 2748 Sunt
1047 2675 1123 2748 lraec

246 2789 367 2861 omnia
379 2789 567 2877 beneficia,
585 2788 621 2857 in
635 2813 747 2891 genus
761 2790 954 2864 humanum
969 2792 1126 2888 degener

247 2925 283 2976 et
308 2905 504 2998 ingratum,
530 2904 681 2975 coelestis
708 2904 836 2994 Patris,
850 2916 1127 3000 squistrlemsuum

245 3032 320 3090 oriri
335 3029 423 3108 facit
430 3027 530 3109 super
557 3027 649 3092 bonos
673 3044 705 3094 et
730 3034 847 3111 malos,
874 3046 904 3098 et
923 3035 1010 3114 pluit
1024 3035 1126 3118 super

245 3151 344 3209 iustos
369 3148 566 3227 trininitas,
590 3139 636 3212 ad
658 3165 763 3236 quem
782 3145 901 3214 locum
920 3141 1070 3240 respicit
1090 3143 1121 3216 S.

245 3273 387 3354 martyr.
497 3310 500 3314 -
1030 3255 1037 3273 '

319 3487 409 3562 Non
440 3506 581 3589 poterat
613 3511 699 3566 tunc
732 3492 800 3564 iam
829 3491 988 3566 omnium
1016 3497 1127 3569 maxi·

241 3606 468 3680 muml'atris
482 3606 653 3695 coelestis,
673 3609 733 3709 qui
751 3609 975 3716 unigenitum
989 3612 1125 3715 Filium

241 3723 460 3799 suum'mis'it
479 3724 517 3796 in
537 3725 730 3813 mundum,
759 3748 854 3813 urse
877 3755 946 3835 pro
969 3729 1124 3804 inimicis

242 3839 393 3939 traderet
413 3841 456 3910 in·
476 3863 644 3930 mortem,
673 3848 874 3940 exemplum
904 3866 1122 3944 proponere.

204 4040 207 4047 .
240 3956 330 4054 Ipsis
354 3955 475 4032 amicis
498 3950 910 4039 suis'confidenrioribus
936 3964 1124 4073 discipulis
