2438 4566
298 275 347 352 34
616 252 854 318 ’..““““-...““-“Ε

160 406 276 472 Css’vf
377 415 457 489 Nec
477 415 602 486 frustra
626 437 647 483 a
666 409 809 483 Christo
832 416 958 487 oculus
976 411 1096 513 primo
1116 443 1177 496 nn·

166 527 268 582 xciii.
300 533 451 605 minatus
485 551 563 617 est,
600 531 645 600 de
679 554 754 623 quo
788 530 944 624 queritur
972 536 1175 632 propheta:

139 644 283 700 ’ψ
303 661 412 722 Oculus
433 676 515 718 meus
542 656 729 738 depraedatus
753 667 799 718 est
815 659 953 718 numam
968 678 1093 770 measti,
1117 658 1175 730 vel

253 806 258 823 ι
301 767 404 840 etiarn
429 790 576 851 manus,
606 781 642 834 et
673 788 760 859 pes,
794 786 909 859 eoque
935 766 1085 842 nornine
1108 770 1174 845 alia

302 881 481 969 membra,
505 880 637 976 quibus
659 878 881 952 occasionem
897 884 1076 978 peccandi
1090 887 1177 960 acci·

302 1001 442 1099 pimus,
477 1016 514 1069 et
541 997 577 1067 in
607 1000 695 1068 mala
726 994 868 1068 ruimus.
918 999 1177 1084 „Obturandae

296 1116 527 1200 aucesium,
560 1114 643 1185 lunt.
662 1113 772 1186 verba
797 1113 830 1189 S.
857 1112 1042 1188 Valeriani
1068 1119 1172 1218 episc.

302 1230 531 1305 Cerneliensis
573 1229 695 1302 homil.
734 1229 799 1303 Vl.
844 1229 889 1302 de
934 1231 1060 1308 otiosis
1100 1232 1200 1310 ver?

299 1351 355 1423 bis
377 1346 440 1439 a),
467 1364 695 1446 opponentes
710 1348 844 1420 scutum
862 1347 973 1419 fidei:
1001 1376 1079 1446 quo
1097 1353 1172 1427 laci·

297 1468 364 1541 lins
385 1467 500 1540 omnis
519 1463 752 1538 lenocinantis
767 1463 868 1536 vocis
889 1468 1103 1543 excludatur
1118 1495 1167 1543 au·

297 1586 399 1658 ditus.
454 1581 673 1655 Adhibenda
708 1581 810 1659 etiam
846 1579 1059 1679 disciplina,
1096 1609 1165 1682 quae

187 1720 190 1727 '
300 1706 485 1776 oculorum
519 1697 690 1770 desideria
719 1689 888 1794 repellat,
928 1719 964 1772 et
993 1702 1166 1775 tabescen-

298 1821 340 1893 tis
366 1816 481 1891 cordis
501 1815 725 1887 incitamenta
746 1835 957 1912 compescat,
1009 1818 1107 1890 Nam
1124 1820 1164 1892 ita

296 1938 405 2007 docet
427 1929 648 2027 evangelista⁴
667 1931 789 2004 dicens
809 1959 817 2001 ι
858 1943 892 2003 Si
904 2004 908 2010 ,
920 1955 951 2005 te
969 1941 1164 2022 scandalizat

297 2062 402 2124 oculus
417 2072 516 2136 tuus,
543 2078 612 2121 erue
630 2076 707 2120 eum.
758 2049 900 2137 Nemo,—
931 2050 1164 2138 dilectissimi,

293 2169 334 2240 in
352 2169 435 2239 hoc
466 2166 586 2238 credat
613 2162 717 2237 huius
746 2167 924 2239 sententiae
954 2166 1043 2241 stare
1070 2168 1166 2243 ratio·

223 2278 227 2289 ’
294 2311 401 2372 nem,
429 2282 528 2380 quasi
544 2280 723 2354 Dominus
746 2282 941 2356 humanum
958 2310 1094 2383 corpus
1115 2287 1167 2358 de-

293 2404 445 2479 formare
471 2400 578 2487 velit,
604 2400 704 2496 quod
727 2400 773 2471 ad
792 2400 1055 2500 similitudinem
1076 2406 1167 2477 luam

296 2517 507 2618 plasmavit,
535 2536 569 2589 et
592 2517 639 2588 ad
661 2515 812 2613 speciem
835 2519 902 2590 snae
924 2516 1105 2613 dignitatis
1123 2519 1168 2591 in-

294 2636 416 2710 stituit.
465 2634 547 2706 Hoc
571 2652 631 2729 est*
647 2636 773 2706 oculos
802 2660 946 2722 eruere,
980 2660 1063 2730 quae
1090 2639 1168 2711 sunt

276 2747 332 2824 Vin
360 2750 506 2824 homine
532 2749 647 2844 turpia
672 2774 852 2837 resecare,
888 2771 923 2822 et
951 2751 1039 2836 viles
1072 2775 1168 2828 actus

290 2866 819 2960 emendationekcompescere:
858 2868 1031 2965 castigatis
1058 2869 1168 2944 illece·
1196 2940 1199 2945 .

290 2983 364 3056 bris
390 3001 552 3056 truncare
576 2981 777 3070 luxuriam,
805 3005 840 3057 et
863 2984 963 3062 bono
987 2988 1168 3063 conscien-

289 3101 346 3172 tiae
361 3156 374 3188 ,
391 3125 513 3173 manus
525 3099 707 3197 improbae
727 3101 928 3198 cupiditatis
947 3103 1163 3180 abscindere.
1207 3162 1213 3171 .

289 3218 353 3291 Ille
375 3237 490 3290 autem
513 3244 635 3290 manus
652 3220 729 3293 luas
748 3220 894 3308 incidit,
921 3212 1039 3315 quiin
1061 3250 1099 3296 se
1117 3221 1166 3295 in-

288 3333 464 3409 fidelitatis
487 3337 553 3407 tela
578 3336 810 3431 confregerit,
839 3356 873 3408 et
893 3335 986 3408 iusto
1009 3337 1167 3429 iudicio,

285 3449 500 3527 infidelitatis
537 3450 920 3547 calamosfamputarit.
981 3452 1046 3527 Ad
1083 3459 1170 3531 salu.

286 3587 357 3641 tem
385 3567 490 3663 igitur
515 3564 640 3640 animae
670 3568 842 3665 pertinet,
874 3569 905 3642 si
934 3570 1167 3654 debilitentur

286 3684 372 3759 vitia
401 3683 530 3781 iniquis
559 3685 694 3759 actibus
725 3687 897 3773 enutrita,
935 3706 971 3760 et
996 3689 1169 3771 radicitus

288 3803 458 3874 evellatur
502 3801 695 3896 impiorum
727 3824 898 3899 ,aspectus
931 3807 1162 3883 “oculorum

329 3950 360 4031 a)
383 3950 443 4020 Fu.
472 3959 511 4011 10.
533 3952 571 4007 nl.
597 3951 703 4021 Argunt.
726 3967 788 4008 anso
813 3964 887 4025 1757.
981 3995 987 4009 .
