2438 4566
229 290 305 377 316

47 454 55 479 ¹
85 433 202 498 CAPUT
227 426 354 512 natur'a
372 434 484 507 lactus
505 431 694 529 proximus
718 450 754 505 et
772 432 880 505 frater
904 448 1050 521 noster,
1073 450 1108 509 ut

63 544 410 653 fflXVfflapostolus
440 550 528 624 illud
558 549 688 623 Psalm.
725 548 833 622 XXl.
867 574 929 640 23·
972 562 1108 623 Narrabo
1140 549 1142 568 ²

228 701 334 745 nomen
352 693 440 741 tuum
453 678 614 758 fratribus
632 680 715 740 meis.
766 666 879 740 Hebr.
902 667 950 744 ΙΙ.
972 694 1029 743 11.
1047 688 1106 743 etc.

64 764 208 908 ξξὲζξξὲ
227 791 499 884 interpretatur.-
535 795 667 877 Propter
691 813 786 877 quom
812 812 943 857 causam
965 814 1029 858 uon
1048 814 1107 859 con·

64 943 126 987 nus.
217 918 368 999 funditur
388 914 512 992 fratres
542 932 591 977 eos
623 930 758 990 vocure,
791 912 914 975 dicem:
956 914 1108 976 Nuntiolio

226 1051 332 1096 nomen
358 1043 448 1091 tuum
466 1029 625 1110 frutribus
649 1030 746 1090 meis.-
785 1029 823 1091 In
850 1030 952 1092 medio
978 996 1109 1094 Ecclesii

224 1148 358 1214 laudabo
389 1160 428 1209 te.
500 1137 673 1232 Moxque
703 1162 812 1235 quam
842 1122 1104 1213 misericordem

225 1276 262 1329 et
282 1253 478 1352 propitium
499 1255 573 1326 sese
592 1253 789 1351 praestiterit
808 1255 972 1329 humano
991 1252 1105 1352 generi

224 1374 396 1447 declarat:
419 1382 502 1465 Quia
517 1399 587 1457 ergo
596 1384 689 1461 pueri
707 1384 1015 1447 communicaverunt
1028 1382 1104 1445 conti

222 1512 253 1563 ct
262 1498 434 1579 sanguini,
460 1509 491 1560 ct
511 1500 577 1579 ipsc
586 1494 730 1575 similiter
745 1501 964 1580 participavit
981 1500 1103 1563 cisium:

224 1629 263 1678 ut
278 1636 337 1698 por
354 1628 482 1680 mortem
506 1615 675 1677 destrueret
695 1634 785 1694 eum,
806 1619 861 1698 qui
876 1615 1014 1681 habebut
1035 1632 1105 1677 mot·

224 1737 267 1797 tis
299 1734 483 1814 imperium,
522 1730 558 1791 id
585 1743 653 1808 est,
689 1732 867 1794 diabolum:
907 1745 942 1795 et
971 1733 1104 1799 liberam

225 1870 293 1927 cos,
321 1852 375 1932 qui
398 1851 508 1909 timore
527 1850 637 1909 mortis
652 1867 712 1929 per
733 1860 834 1911 totum
854 1851 961 1912 uitam
986 1848 1103 1912 obnoxii

223 1977 313 2029 orout
330 1964 486 2043 servituti
516 1950 556 2041 α)
571 1994 584 2039 ,·
623 1954 735 2028 veluti
764 1955 832 2028 iam
867 1956 1046 2052 Origenes
1068 1951 1101 2045 l)

223 2072 401 2145 concinne
422 2072 629 2168 parabolam
647 2069 747 2143 istam
769 2093 821 2145 est
839 2071 1102 2171 interpretatus,

224 2189 472 2285 explicatque,
501 2188 690 2283 quomodo
722 2214 826 2275 eum,
853 2202 909 2281 qui
939 2202 1049 2264 incidit
1074 2201 1102 2260 io

223 2318 379 2392 latrones,
395 2313 596 2395 spoliatum,
623 2313 860 2392 etscmioioum
889 2318 1031 2380 relictum
1053 2320 1103 2378 im·

218 2436 328 2516 posuit
362 2435 518 2511 iumento,
559 2422 633 2508 „id
664 2443 736 2510 est,
776 2423 929 2521 proprio
964 2423 1101 2521 corpori

224 2542 325 2615 iuxta
346 2540 402 2626 id,
430 2539 531 2634 quod
558 2559 611 2611 est
628 2539 812 2612 hominem
834 2540 1002 2637 dignatus
1017 2564 1102 2614 assu·

224 2686 331 2731 mere.
372 2658 441 2729 Iste
462 2657 696 2731 Samaritanus
716 2677 864 2753 peccota
885 2678 1009 2731 nostra
1028 2682 1101 2755 por·

224 2764 293 2861 tat'‚
319 2795 353 2847 et
375 2785 444 2870 pro'
466 2774 572 2845 nobis
595 2775 709 2859 dolet,
734 2794 853 2871 portat
874 2773 1098 2863 seminecem,

221 2890 359 2961 inducit
376 2890 410 2959 in
426 2890 684 2985 pandochium,
702 2889 740 2960 id
757 2909 826 2978 est,
844 2890 882 2961 in
896 2890 1097 2977 Ecclesiam,

222 3031 302 3102 quoe
323 3032 446 3079 omnes
465 3006 628 3103 suscipit,
651 3027 687 3080 et
707 3006 794 3079 nulli
815 3007 988 3082 auxilium
1005 3010 1098 3083 suum

224 3126 398 3221 denegat,
424 3124 470 3196 ad
497 3150 601 3220 quam
630 3143 779 3205 cunctos
802 3145 982 3225 provocat
1005 3126 1096 3198 lesus

224 3242 370 3314 dicens:
405 3254 508 3314 Venite
532 3253 575 3313 od
595 3272 642 3315 mc
661 3271 779 3329 omnes,
806 3254 862 3334 qui
879 3254 1046 3330 laboratis,
1069 3258 1095 3313 et

222 3371 342 3430 onerati
367 3371 449 3428 estis.
464 3360 486 3395 “
535 3358 577 3431 In
602 3360 750 3431 eandem
773 3358 983 3435 sententiam
1008 3378 1094 3456 post·

222 3473 507 3572 quampluribus
528 3477 734 3572 parabolam
756 3476 858 3549 istam
879 3470 1092 3576 exposuisset

222 3594 254 3664 S.
281 3590 513 3678 Ambrosius,
551 3586 672 3666 omnia
701 3598 910 3691 complexus
947 3648 971 3683 „
984 3596 1088 3690 Ergo,

221 3711 406 3784 concludit
428 3708 483 3802 c),
517 3711 687 3807 quoniam
710 3739 817 3793 nemo
843 3712 956 3809 magis
983 3706 1090 3810 proxi·
1139 3796 1142 3825 ὃ

218 3892 248 3968 a)
261 3893 336 3946 Hebr.
348 3894 387 3949 II.
404 3910 443 3963 ¹4.
486 3895 515 3963 b)
527 3847 602 3954 Horis.
616 3896 753 3957 XXXIV.
770 3896 870 3952 inluc.
886 3896 916 3952 T.
931 3898 989 3954 111.
998 3912 1022 3968 p.
1033 3908 1084 3963 97¹·
1139 3861 1142 3908 l

258 3982 286 4052 c)
299 3977 355 4036 zio.
374 3978 440 4037 VII.
456 3980 522 4051 Eoo.
537 3981 649 4049 Eusec.
665 3983 726 4038 Luc.
741 4001 766 4045 n.
780 3992 822 4053 84.
830 3981 901 4054 seqq.
915 3994 943 4053 p.
959 3996 1034 4053 1429.
1043 3988 1084 4035 nce
