2438 4566
895 302 967 380 tet

72 446 261 519 Bethlehem
283 443 391 527 June,
415 464 613 530 nequaquam
632 444 762 510 minimo
782 450 813 511 es
834 446 867 511 in
882 453 969 531 prin·
993 439 1111 506 Cerci*

72 571 198 657 cipibus
224 568 335 646 June,
360 583 401 629 ex
426 577 457 628 te
480 567 561 626 enim
587 567 671 628 exiet
692 567 778 645 dux,
806 570 862 648 qui
884 576 971 643 regat
1024 564 1097 623 LVI.

72 688 229 777 popum
246 702 348 748 meum
369 682 474 745 Israel.
526 668 638 760 Non,
663 691 704 746 ut
721 673 774 746 illi
793 673 895 761 elati,
922 675 970 748 stc
985 676 1129 754 W

78 794 236 897 apostoli
264 791 461 893 piscatores
488 789 566 860 haec
593 787 814 886 accipiebant
839 814 974 889 paupe-

80 940 153 1003 res,
181 910 248 1009 qui
275 907 441 984 vocatia
466 904 614 978 Christo
641 906 814 982 continuo
841 909 974 984 relictis

73 1010 356 1105 ’retibus-secuti
384 1022 466 1098 sunt
496 1024 707 1098 Christum:
746 1028 858 1101 turbae
887 1029 974 1104 item

90 1172 163 1247 quae
193 1144 435 1242 sequebantur
463 1141 720 1219 discursantem
750 1172 975 1244 pauperem,

92 1266 147 1365 qui
185 1290 265 1337 non
306 1259 489 1347 habebat,
535 1259 600 1330 ubi
637 1282 746 1358 caput
778 1266 976 1339 reclinaret

94 1382 197 1459 Erant
221 1378 281 1467 hi,
309 1379 355 1451 de
377 1366 508 1473 quibus
531 1401 621 1448 mox
643 1376 824 1469 Christus,
852 1402 888 1455 et
904 1392 976 1455 tren-¹

70 1542 72 1555 =
97 1490 139 1575 tns
156 1520 223 1587 est,
236 1509 300 1591 ¹qui
321 1525 383 1568 non
393 1501 751 1584 jueritscundalizutur
773 1507 808 1568 in
829 1528 886 1571 me.
921 1486 976 1575 Αὲ

70 1596 77 1731 i
98 1638 174 1695 vero
194 1612 419 1691 scandalizati
443 1613 589 1685 fuerunt
609 1610 781 1712 irniaeirin
809 1614 977 1706 Christo,

100 1734 259 1811 humilem
279 1732 355 1817 eius
382 1728 567 1826 dedignati
590 1728 836 1806 conditionem
862 1734 1000 1810 inflati-

75 1852 148 1952 ·ipe
164 1850 290 1950 regni,
315 1851 516 1944 frustraque
541 1849 588 1921 ad
612 1849 712 1923 hunc
736 1871 851 1949 usque
881 1853 978 1928 diem
1036 1916 1039 1920 .

100 1996 210 2069 regem
227 1972 331 2043 fuum
347 1966 523 2041 Messiam
542 1987 768 2071 exspectant,
790 1990 898 2067 quern
918 1992 978 2046 eoa

103 2108 168 2163 mm
197 2106 319 2187 patres
345 2103 569 2183 respuerunt.
638 2084 722 2160 Hoc
751 2112 881 2185 nempe
911 2089 979 2162 fuit

102 2226 262 2303 regnum,
288 2206 361 2279 hoc
387 2223 517 2278 munus
538 2201 688 2277 Messian
714 2203 979 2281 divinissimum

103 2322 479 2418 sublimissimumque,
504 2321 622 2416 ‹quod
651 2320 764 2392 statim
794 2344 880 2418 post
908 2326 979 2397 sus.v

105 2464 239 2543 ceptum
267 2438 426 2514 officium
452 2430 556 2509 suum
584 2436 623 2506 in
654 2437 836 2533 synagoga
863 2440 980 2513 Naza-

103 2557 273 2653 reth,·ubi
297 2577 370 2630 erat
387 2554 559 2642 nutritus,
577 2557 743 2627 revoluto
760 2554 853 2627 libro
871 2556 980 2645 Isaiae,¹

105 2676 167 2753 eius
188 2676 313 2755 verbis
337 2670 552 2747 denunciat:
582 2680 716 2763 Spiritus
741 2681 869 2743 Domini
878 2681 979 2765 snper

104 2822 156 2869 me.
179 2814 314 2898 propter
339 2802 425 2885 quod
445 2802 538 2862 unxit
562 2788 630 2877 mi,
657 2800 873 2876 conmilizure
895 2780 979 2882 pou}

88 2894 214 3003 'ponus
241 2922 330 2984 misit
352 2930 421 2996 me,
444 2915 565 2996 sonore
591 2919 740 2980 contritos
770 2917 877 2997 corde,
901 2937 979 3001 pra«

109 3038 198 3105 dicare
233 3038 368 3120 captiuis
400 3036 634 3111 remissionem,
673 3045 704 3097 et
739 3038 820 3098 cacis
851 3038 980 3115 nisum,

107 3155 251 3221 dimittere
285 3152 459 3235 confractos
489 3153 522 3211 in
554 3151 780 3227 remissionem,
815 3153 984 3231 predicare

108 3288 212 3337 curum
236 3272 365 3335 Domini
390 3278 571 3348 acceptum,
599 3282 630 3330 ec
654 3267 734 3329 diem
759 3268 980 3332 retributionis.

111 3432 147 3454 ..
171 3437 183 3456 .
208 3436 217 3454 .
244 3391 323 3473 quia
347 3386 439 3449 hodie
463 3385 593 3468 impleta
616 3395 663 3449 cst
688 3387 747 3450 inec
760 3385 925 3470 scriptura
947 3393 980 3450 in

111 3509 225 3573 nnius
249 3507 362 3572 uestris
385 3491 438 3587 a).

70 3806 74 3831 .·
174 3729 304 3803 Videri
332 3730 464 3803 volunt
494 3724 661 3801 hodierni
694 3723 867 3798 increduli
896 3723 982 3800 inde

70 3910 75 3951 i
121 3848 371 3923 exeusationem
399 3849 613 3946 pretendere
641 3844 844 3946 potiorem,
874 3870 983 3942 quam

151 4000 177 4073 s)
196 4000 258 4064 tue.
282 3997 338 4057 IV.
363 4007 406 4075 182
