2438 4566
411 343 643 358 *mu—-

896 319 968 396 295

82 462 235 539 «liundeg
261 460 311 525 ille
327 460 388 540 fur
411 473 456 525 est
482 474 513 524 et
538 463 630 524 Intro.
687 461 792 526 Omnes
817 474 971 545 quotquot
1000 442 1115 509 ΕΔΜ

75 579 438 658 meneruutsuressuut,
461 590 492 640 et
509 579 660 656 latrones,
685 592 716 641 et
733 599 792 640 uon
807 580 972 640 audierunt
985 561 1122 619 LXXXV·

85 714 243 761 corones.
302 737 324 772 „
337 686 439 778 Quid
460 706 512 758 est
528 687 599 758 hoc
618 686 812 759 Domine?
848 685 974 782 quaerit
994 680 1136 746 “V“-

81 802 147 899 hie
158 802 192 873 S.
204 801 426 896 Augustinus
441 797 496 890 u):
520 812 624 872 Omnes
638 825 790 895 quotquot
801 814 973 874 uenerunt?

87 920 192 1012 Quid
209 920 332 990 enim?
359 919 423 991 Tu
443 931 517 990 non
536 917 689 1029 venisti?
717 921 775 990 sed
800 920 971 1015 intellige:

87 1065 192 1107 omnes
205 1057 358 1126 quotquot
367 1058 514 1107 venerunt
527 1028 615 1171 dix')
631 1035 752 1131 utique
765 1057 891 1132 praeter
904 1064 971 1108 me.

87 1152 310 1226 Recolamus
346 1178 442 1246 ergo.
502 1153 601 1224 Ante
632 1153 825 1224 adventum
858 1153 970 1250 ipsius

87 1288 268 1345 venerunt
292 1269 494 1364 prophetae:
524 1269 685 1364 nunquid
709 1271 802 1342 fures
830 1272 974 1342 fuerunt

89 1407 127 1459 et
150 1385 334 1460 latrones?
368 1384 469 1458 absit.
530 1385 619 1456 Non
645 1406 771 1479 praeter
794 1388 891 1457 illum
917 1414 975 1459 ve·

87 1522 242 1588 nerunt,
266 1502 350 1596 quia
369 1527 450 1573 cum
472 1499 533 1573 illo
554 1521 738 1574 venerunt.
790 1501 973 1577 Venturus
1058 1544 1061 1549 ·

88 1643 273 1717 praecones
294 1617 472 1690 mittebat:
500 1619 561 1690 sed
585 1644 707 1690 eorum
732 1619 859 1705 corda,
883 1645 974 1714 quos

87 1737 254 1821 miserat,
292 1734 508 1832 possidebat.
576 1735 692 1809 Vultis
725 1763 853 1823 nosse,
893 1734 977 1830 quia

91 1880 175 1926 cum
200 1851 271 1923 illo'
292 1842 491 1939 venerum,
530 1852 591 1947 qui
617 1874 670 1925 est
699 1854 775 1950 ipse
805 1853 975 1949 semper?

90 1970 250 2043 Carnem
272 1969 406 2065 quippe
428 1969 564 2065 accepit
588 1995 633 2041 ex
655 1989 825 2067 tempore.
873 1969 975 2063 Quid

89 2107 146 2160 est
170 2112 257 2181 ergo
281 2085 451 2182 semper?
491 2097 528 2156 Iu
548 2099 705 2177 principio
733 2109 802 2159 erut
836 2086 973 2158 Verbum.

90 2203 190 2276 Cum
217 2203 278 2274 illo
308 2228 393 2297 ergo
417 2223 616 2290 venerunt,
644 2203 726 2298 quia
752 2229 831 2275 cum
860 2202 974 2276 verbo

89 2318 169 2395 Dei
187 2338 373 2393 venerunt.
425 2328 489 2404 Ego
499 2327 600 2407 sum,
627 2319 764 2413 inquit,
791 2333 869 2406 oio,
896 2333 977 2390 ueri·

88 2457 165 2520 tas.
201 2449 334 2509 etnim.
399 2435 433 2506 Si
461 2436 537 2530 ipse
566 2453 618 2506 est
637 2435 782 2521 veritas,
811 2461 890 2506 cum
915 2437 977 2506 illo

89 2571 287 2640 venerunt,
315 2552 375 2648 qui
398 2577 540 2624 veraces
567 2551 719 2623 fuerunt
786 2552 980 2646 Quotquot

90 2696 180 2767 ergo
217 2690 344 2767 praeter
378 2669 502 2756 illum,
526 2677 641 2764 flues,
678 2688 708 2738 et
742 2677 901 2752 latrones,
940 2667 979 2737 id

92 2786 214 2861 estad
239 2788 428 2858 furandum
453 2806 488 2859 et
511 2784 793 2858 occidendum.“
854 2784 978 2856 Prose-

91 2923 197 2979 cutus
210 2903 304 2976 Ven.
318 2903 417 2978 Beda
429 2904 461 2976 S.
477 2903 714 2999 Augustinum
732 2900 787 2992 ωε
816 2901 916 2988 „Per
928 2930 976 2994 se,

92 3019 451 3116 irrquit‚,venerunt,
471 3023 562 3114 ¹quiu
589 3046 651 3114 per
678 3045 757 3090 euni
785 3019 879 3090 missi
904 3045 978 3093 non

92 3137 253 3223 fuerunt,
278 3136 418 3207 dicente
440 3139 626 3231 apostolo:
654 3145 812 3226 Quomodo
833 3147 981 3226 prodicu-

93 3262 189 3341 bum,
217 3266 275 3324 nisi
299 3262 498 3322 mittuntur?
536 3252 582 3322 Et
610 3252 693 3346 quia
718 3279 783 3347 per
811 3279 847 3323 se
874 3279 980 3325 vene-

93 3389 198 3456 runt,
227 3391 263 3440 et
291 3396 366 3441 non
395 3368 546 3440 suntab
574 3394 617 3439 eo
645 3368 760 3455 missi,
778 3379 981 3458 frucssuut,

95 3509 129 3557 et
158 3499 301 3560 latrones.
369 3486 464 3558 Nam
503 3506 584 3557 aute
620 3472 811 3559 adventum
847 3486 979 3556 Christi
1055 3502 1056 3506 ’

97 3603 172 3676 falsi
192 3604 335 3676 fuerunt
357 3603 392 3672 in
416 3607 553 3700 populo
578 3601 651 3674 Dei
673 3605 873 3698 prophetae,
903 3601 983 3674 fulsi-

105 3719 288 3812 doctores,
328 3718 416 3792 sieut
448 3740 532 3818 post
565 3721 759 3794 adventum
789 3719 880 3789 illius
912 3719 981 3794 sub

88 3904 93 3913 '
143 3904 171 3979 ο)
197 3903 282 3958 Truct.
301 3903 386 3958 XLV.
404 3904 488 3968 inJo.
516 3923 540 3964 n.
561 3915 584 3965 8.
615 3904 645 3962 T.
670 3902 728 3958 III.
754 3903 786 3963 P.
811 3904 850 3964 II.
875 3917 899 3975 p.
920 3915 986 3978 5917.ι
1034 3899 1036 3904 ’

189 3989 218 4063 b)
243 3989 275 4047 T.
303 3988 336 4047 V.
363 3990 392 4042 r'u
411 4001 464 4057 cup.
491 3989 525 4045 X.
551 3989 629 4055 Joun.
651 4002 675 4059 p.
703 4001 762 4056 541.

308 4078 325 4113 o
