2438 4566
216 425 218 430 .
794 393 799 401 ,
855 313 948 408 aar

67 469 203 542 thaeum
230 467 444 564 quaestiones
466 467 677 541 discutiens:
705 515 727 552 ‚,
740 464 872 562 Quod,
900 466 951 537 in·
977 452 1093 541 Μ’

65 585 149 682 quit
167 581 228 674 a),
245 584 426 659 Dominus
442 583 545 670 dicit,
571 595 622 656 ubi
631 593 736 672 fuerit
752 595 876 674 corpus'‚
898 592 950 652 illo
1007 572 1054 628 ⁰¹·

66 699 950 796 congregabunturaquilae,idestincoelum,quohinc
968 687 1110 751 W
1139 701 1141 705 ’
1204 785 1209 806 1

56 812 189 892 'fecum
217 817 349 892 levavit
376 843 506 912 corpus
533 817 570 887 in
595 817 741 888 homine
766 818 950 913 suscepto:

67 937 174 1032 quod
203 935 306 1008 etiam
337 935 488 1007 cadaver
517 933 602 1006 ideo
628 936 840 1031 appellatum
871 951 951 1020 est,

66 1052 158 1149 quia
188 1052 378 1135 moriturus
414 1049 487 1125 ha‘ec
516 1051 740 1145 loquebatur.
803 1061 860 1121 ruo
886 1078 954 1121 con·

61 1179 278 1256 gregabantur
312 1178 442 1259 aquila,
483 1167 616 1239 dictum
654 1152 705 1241 est
742 1169 786 1240 de
822 1150 954 1263 spiriti·

61 1272 189 1372 ¹libus,
217 1285 277 1381 qui
300 1283 376 1356 eius
401 1282 623 1381 passionem,
650 1281 953 1380 humilitatemque
1042 1302 1045 1307 '

68 1399 270 1488 imitando',
294 1394 482 1495 ‘tamquam
511 1400 556 1473 de
586 1401 659 1472 eius
689 1426 839 1495 corpore
865 1405 954 1474 satu·
1041 1397 1045 1402 ’

69 1540 205 1594 rantur.
258 1519 403 1614 Corpus
427 1504 520 1589 enim
547 1537 693 1614 propter
720 1517 953 1597 humilitatem

67 1664 142 1737 pro
186 1637 290 1708 nobis
333 1635 604 1731 passionemque
648 1634 809 1730 suscepit.
828 1635 850 1671 “
918 1634 950 1705 S.

65 1755 273 1859 ,Gregorius
294 1751 381 1824 illud
402 1752 471 1823 tob
493 1751 680 1823 XXXIX.
709 1761 767 1827 28.
791 1770 855 1822 etc.
883 1751 954 1822 huc

62 1871 200 1969 ¹trahit,
238 1869 301 1941 ubi
329 1869 445 1964 aquila
473 1895 518 1940 ex
545 1869 732 1966 praeruptis
766 1868 955 1942 inaccessis

70 1988 222 2086 rupibus
252 1987 378 2065 dicitur
408 1980 649 2081 contemplari
673 2011 807 2070 escam,
845 2004 880 2056 et
909 1985 955 2077 de

69 2109 185 2199 longe
211 2107 335 2175 oculos
362 2101 437 2175 eius
461 2104 659 2200 respicere,
689 2122 729 2181 et
749 2102 954 2196 ubicunque

72 2222 227 2298 cadaver
249 2218 373 2305 fuerit,
401 2218 513 2291 statim
538 2220 682 2292 adesse:
712 2271 747 2306 ,‚,
761 2219 874 2312 Quod
899 2243 956 2290 au,

71 2325 148 2425 tem
172 2337 254 2424 hic,
273 2336 393 2409 scribit
412 2333 472 2425 b),
501 2336 545 2408 de
572 2338 637 2407 hac
662 2336 778 2431 aquila
805 2335 953 2407 dicitur:

70 2455 282 2550 ubicunque
302 2454 454 2526 cadaver
471 2453 591 2540 suerit5
615 2451 727 2522 statim
740 2452 863 2537 ,adest3
885 2452 956 2522 hoe
1037 2470 1038 2474 ’

72 2575 122 2645 de
145 2570 407 2668 egredientibus
427 2569 611 2641 animabus
633 2567 713 2640 fieri
728 2569 857 2640 veritas
880 2569 957 2664 spo*

70 2689 224 2790 pondit,
253 2689 392 2760 dicens:
428 2696 600 2778 Ubicunque
612 2695 716 2773 fiterit
739 2713 868 2774 corpus,
894 2694 957 2758 illic
1018 2774 1021 2781 Ι

72 2815 336 2892 congregabuntur
356 2827 386 2876 et
405 2814 522 2897 aquila.
573 2801 631 2874 Ac
651 2801 679 2872 si
699 2821 820 2897 aperte
840 2801 956 2874 dicate

72 2923 153 3017 Qui
180 2923 311 2995 coelesti
332 2921 405 2998 sedi
429 2909 628 3003 incarnatus
652 2920 853 2992 Redemtor
872 2945 958 3017 prae·
1026 2934 1037 2950 ²

71 3041 201 3139 audeo,
242 3043 435 3134 electorum
453 3095 455 3099 2
471 3064 614 3134 quoque
650 3038 782 3108 animas
799 3083 822 3122 ‚2
845 3063 956 3132 quum

73 3184 182 3235 carne
219 3159 387 3242 solvam,
438 3156 483 3225 ad
521 3152 672 3225 coelestia
708 3153 915 3224 sublevabo.
934 3157 957 3193 “
986 3208 989 3213 .

73 3275 169 3350 Ven,
197 3273 298 3344 Beda
322 3273 356 3342 in
384 3253 421 3346 h.'
445 3276 466 3343 i.
495 3267 552 3362 c):
594 3269 844 3366 „Ubicunque
870 3298 957 3368 ergo

56 3391 181 3465 ¹fuerit
199 3390 381 3464 Dominus
403 3414 573 3485 corpore,
598 3388 659 3460 illo
685 3373 956 3484 congregabun-

74 3527 133 3580 tur
163 3505 303 3593 electi‚'
323 3505 383 3601 qui
415 3506 488 3578 eius
520 3506 745 3602 passionem,
780 3505 956 3576 humilita-

73 3645 219 3722 temque
254 3622 426 3694 imitando
462 3644 628 3718 tanquam
664 3624 708 3693 de
744 3621 817 3691 eius
849 3645 954 3691 carne

72 3745 291 3828 saturantur,
320 3767 472 3836 quorum
499 3768 562 3837 per
587 3737 876 3811 resurrectionem
904 3763 955 3809 re-

386 389 391 402 t

107 3921 139 3994 s)
147 3880 247 3993 Quas.
259 3921 352 3975 rrrr.
365 3925 396 3976 r.
405 3922 466 3976 [Π.
478 3924 511 3982 a.
521 3923 564 3976 rr.
574 3935 599 3989 p.
609 3933 667 3988 247.
730 3911 953 3982 arrasam.

141 4002 242 4056 „alant
262 4003 290 4054 in
306 4000 368 4064 lob.
392 4003 423 4056 T.
443 4001 469 4055 J.
487 4013 513 4071 p.
536 4015 612 4067 1044.
681 3991 709 4073 e)
737 3998 768 4051 T.
793 3997 824 4052 V.
842 4009 869 4066 p.
890 4010 952 4063 390.
