2438 4566
384 281 640 356 Q
889 315 961 384 203
994 294 1000 305 ’

87 464 255 541 capaeem
277 463 352 516 esse
373 439 691 530 donationisDai,
719 464 797 539 quae
819 460 873 515 est
892 443 965 516 vita
988 436 1105 504 0¹⁸⁰?
1137 502 1140 511 .

89 580 244 646 aeterna,
280 583 358 654 qnae
388 558 558 653 sanguine
586 577 623 631 et
650 585 802 658 corpore
834 558 967 632 Christi
989 559 1102 620 LXVH·

90 664 264 762 nutritur,
291 695 327 748 et
344 676 543 746 membrum
568 665 652 748 eius'
668 679 751 752 est?
789 677 1120 772 Quemadgw

90 794 240 867 modum
263 812 299 864 et
317 793 449 891 beatus*
468 796 650 889 apostolus
672 792 721 875 ait
739 794 778 866 in
802 820 863 883 ea,
891 816 972 891 quae
1022 773 1026 784 ¹

95 930 144 982 est
171 909 219 981 ad
246 907 423 1004 Ephesios
451 909 620 1006 epistola:
656 919 810 1004 Quoniam
836 921 972 993 membra

90 1033 195 1115 sumus
223 1038 359 1117 corporis
379 1038 467 1114 rius,
493 1037 531 1099 de
557 1056 647 1100 carne
669 1041 756 1115 eius,
783 1049 814 1100 et
838 1040 876 1100 de
897 1038 973 1101 ossi.-

99 1152 147 1215 bns
167 1153 258 1222 eius.-
285 1167 360 1214 non
387 1143 433 1214 de
458 1142 625 1240 spirituali
650 1145 771 1241 aliquo
794 1163 830 1216 et
852 1143 973 1220 invisi-

101 1257 156 1332 nn
180 1259 327 1331 nomine
354 1258 476 1331 arcens
500 1259 577 1332 nse
603 1239 756 1353 (fissan
776 1274 855 1333 earm
877 1289 974 1354 neque
1024 1270 1026 1273 ·

103 1402 182 1463 ossa,
209 1404 304 1469 neque
329 1403 434 1447 carnes
458 1373 578 1465 habet)
605 1359 667 1448 sed
689 1377 734 1449 de
760 1403 802 1450 ea
827 1377 978 1475 disposi-

106 1490 209 1582 tione,
237 1512 392 1589 quaeest
413 1492 611 1583 secundum
628 1519 755 1566 verum
777 1486 972 1584 hominem,

109 1632 176 1704 quae
207 1636 253 1683 ex
287 1608 474 1698 carnibus,
519 1629 554 1682 et
585 1611 726 1699 nervis,
766 1628 802 1683 et
835 1604 976 1684 ossibus
1088 1643 1092 1655 ·

112 1725 281 1799 consistit:
321 1749 399 1821 quae
426 1726 473 1799 de
501 1725 631 1816 calice,
667 1726 731 1823 qui
757 1746 811 1800 est
834 1727 976 1823 sanguis

112 1840 190 1932 eius,
211 1836 381 1932 nutritur,
400 1844 498 1918 etde
519 1870 632 1941 pane,
650 1845 752 1942 quod
772 1863 824 1917 est
843 1870 976 1944 corpus

112 1957 191 2048 eius,
218 1979 376 2056 augetur.
440 1960 489 2035 Et
512 1962 814 2057 quemadmodum
836 1961 975 2058 lignum

68 2110 73 2123 ·
114 2074 180 2149 vitis
209 2075 412 2175 depositum
449 2076 486 2158 in
523 2097 651 2153 terram
688 2079 754 2150 suo
787 2061 976 2152 fructificat

114 2207 275 2294 tempore,
304 2212 339 2272 et
359 2219 509 2291 granum
530 2193 633 2269 tritici
657 2194 827 2268 decidens
848 2194 886 2266 in
907 2213 974 2266 ter.-

115 2332 196 2401 ram,
233 2329 269 2384 et
288 2310 525 2398 dissolutum,
560 2310 888 2408 multiplex0surgit
910 2338 976 2410 per
1090 2318 1099 2333 ”

116 2422 264 2524 Spiritum
296 2427 390 2515 Dei,
423 2426 486 2523 qui
522 2426 685 2499 continet
717 2427 858 2500 omnia:
896 2451 977 2521 quas

116 2541 229 2619 deinde
250 2571 316 2643 per
333 2543 536 2642 sapientiam
555 2542 594 2615 in
616 2567 719 2615 usum
741 2541 897 2616 hominis
918 2568 978 2614 ves

116 2658 221 2752 niunt,
248 2684 284 2735 et
307 2659 540 2759 percipientia
562 2659 726 2733 Verbum
747 2659 822 2733 Dei
841 2658 979 2731 Encha÷

115 2776 196 2854 n'stia
225 2781 342 2868 fiunt,
385 2777 486 2876 quod
519 2796 572 2850 est
606 2802 737 2875 corpus
772 2776 807 2848 et
838 2775 980 2872 sanguis
1077 2837 1078 2840 ,

70 2928 74 2937 ·
116 2892 252 2972 Christi:
281 2898 327 2971 fic
346 2916 381 2971 et
402 2915 523 2969 nostra
540 2920 693 2994 corpora
712 2918 819 2983 exea
837 2893 979 2981 nutrita,

117 3009 320 3115 et‘reposita
345 3011 563 3100 interram,
602 3032 638 3085 et
665 3015 820 3085 resoluta
847 3011 885 3082 in
914 3010 978 3100 ea,

114 3151 289 3230 resurgent
306 3130 345 3203 in
362 3131 427 3203 suo
450 3149 609 3226 tempure
628 3128 755 3207 Verbo
775 3127 850 3202 Dei
868 3154 980 3201 resurs

113 3250 297 3323 tectionem
324 3247 372 3322 eis
386 3246 556 3320 donante
585 3244 622 3317 in
645 3243 794 3343 gloriam
815 3243 890 3320 Dei
914 3244 979 3318 Pa..

113 3364 173 3439 tris.
182 3369 204 3406 “
253 3364 344 3461 Agit
360 3363 418 3437 hic
436 3363 469 3436 S.
490 3364 637 3462 Martyr
653 3383 778 3442 contra
795 3362 981 3437 hereticos

112 3482 256 3578 perinde
290 3478 735 3566 resurrectionem-earnis
769 3506 811 3552 ac
848 3503 980 3575 corpus

114 3619 142 3674 rt
165 3600 373 3697 sanguinem
399 3597 529 3672 Christi
558 3597 596 3671 in
624 3595 847 3698 Eucharistia
862 3595 983 3688 abne,

113 3738 246 3812 gamm,
270 3742 361 3814 quos
381 3714 451 3789 iam
473 3715 505 3802 S.
525 3715 681 3812 Ignatius
702 3713 772 3808 Ep.
801 3730 837 3785 et
855 3711 917 3786 M.
940 3713 982 3794 in
1099 3762 1107 3775 ι

115 3837 254 3934 epistola
277 3836 322 3907 ad
344 3834 545 3931 Smyrnaeus
569 3829 706 3915 notavit
728 3854 762 3900 n.
784 3849 819 3916 7,
869 3826 983 3936 „Qui

117 3977 215 4055 ergo,
252 3951 324 4044 ait,
363 3951 613 4028 contradicunt
647 3945 732 4037 huic
768 3946 869 4034 dono
906 3938 1011 4053 Dei·
1052 4015 1057 4031 ,
