<?xml version="1.0" encoding="UTF-8"?>
<!DOCTYPE html PUBLIC "-//W3C//DTD XHTML 1.0 Transitional//EN"
    "http://www.w3.org/TR/xhtml1/DTD/xhtml1-transitional.dtd">
<html xmlns="http://www.w3.org/1999/xhtml" xml:lang="en" lang="en">
 <head>
  <title>
</title>
<meta http-equiv="Content-Type" content="text/html;charset=utf-8" />
  <meta name='ocr-system' content='tesseract 3.04.00' />
  <meta name='ocr-capabilities' content='ocr_page ocr_carea ocr_par ocr_line ocrx_word'/>
</head>
<body>
  <div class='ocr_page' id='page_1' title='image "./desublimiinevan02gerbgoog_0302.png"; bbox 0 0 2566 4680; ppageno 0'>
   <div class='ocr_carea' id='block_1_1' title="bbox 212 221 1274 3376">
    <p class='ocr_par' dir='ltr' id='par_1_1' title="bbox 921 221 935 250">
     <span class='ocr_line' id='line_1_1' title="bbox 921 221 935 250; baseline 0 0"><span class='ocrx_word' id='word_1_1' title='bbox 921 221 935 250; x_wconf 69' lang='lat'>0</span> 
     </span>
    </p>

    <p class='ocr_par' dir='ltr' id='par_1_2' title="bbox 381 259 1060 422">
     <span class='ocr_line' id='line_1_2' title="bbox 381 259 1060 422; baseline -0.001 -63"><span class='ocrx_word' id='word_1_2' title='bbox 381 357 452 422; x_wconf 63' lang='lat'>802</span> <span class='ocrx_word' id='word_1_3' title='bbox 698 313 933 358; x_wconf 54' lang='grc'>*-</span> <span class='ocrx_word' id='word_1_4' title='bbox 1027 259 1060 338; x_wconf 71' lang='grc' dir='ltr'>Θ</span> 
     </span>
    </p>

    <p class='ocr_par' dir='ltr' id='par_1_3' title="bbox 235 477 1240 580">
     <span class='ocr_line' id='line_1_3' title="bbox 235 477 1240 580; baseline 0.004 -30"><span class='ocrx_word' id='word_1_5' title='bbox 235 483 351 550; x_wconf 74' lang='lat' dir='ltr'>cerus</span> <span class='ocrx_word' id='word_1_6' title='bbox 378 481 501 554; x_wconf 88' lang='lat' dir='ltr'>Deum</span> <span class='ocrx_word' id='word_1_7' title='bbox 524 504 623 566; x_wconf 84' lang='lat' dir='ltr'>esse,</span> <span class='ocrx_word' id='word_1_8' title='bbox 648 503 682 554; x_wconf 89' lang='lat' dir='ltr'>et</span> <span class='ocrx_word' id='word_1_9' title='bbox 705 479 778 552; x_wconf 87' lang='lat' dir='ltr'>Dei</span> <span class='ocrx_word' id='word_1_10' title='bbox 800 479 937 552; x_wconf 86' lang='lat' dir='ltr'>Filium.</span> <span class='ocrx_word' id='word_1_11' title='bbox 988 477 1067 554; x_wconf 86' lang='lat' dir='ltr'>Vos</span> <span class='ocrx_word' id='word_1_12' title='bbox 1091 479 1240 580; x_wconf 87' lang='lat' dir='ltr'>eloquen·</span> 
     </span>
    </p>

    <p class='ocr_par' dir='ltr' id='par_1_4' title="bbox 212 591 1239 696">
     <span class='ocr_line' id='line_1_4' title="bbox 212 591 1239 696; baseline -0.001 -25"><span class='ocrx_word' id='word_1_13' title='bbox 212 606 365 686; x_wconf 61' lang='lat' dir='ltr'>Lfflxvl·</span> <span class='ocrx_word' id='word_1_14' title='bbox 380 599 425 672; x_wconf 85' lang='lat' dir='ltr'>tia</span> <span class='ocrx_word' id='word_1_15' title='bbox 449 618 565 671; x_wconf 81' lang='lat' dir='ltr'>vestra</span> <span class='ocrx_word' id='word_1_16' title='bbox 592 597 726 670; x_wconf 82' lang='lat' dir='ltr'>Christi</span> <span class='ocrx_word' id='word_1_17' title='bbox 752 598 949 668; x_wconf 85' lang='lat' dir='ltr'>doctrinam</span> <span class='ocrx_word' id='word_1_18' title='bbox 979 591 1123 675; x_wconf 88' lang='lat' dir='ltr'>minime</span> <span class='ocrx_word' id='word_1_19' title='bbox 1148 600 1239 696; x_wconf 89' lang='lat' dir='ltr'>impe·</span> 
     </span>
    </p>

    <p class='ocr_par' dir='ltr' id='par_1_5' title="bbox 222 713 1274 3376">
     <span class='ocr_line' id='line_1_5' title="bbox 222 713 1241 800; baseline 0.002 -14"><span class='ocrx_word' id='word_1_20' title='bbox 222 727 363 786; x_wconf 56' lang='lat' dir='ltr'>W*</span> <span class='ocrx_word' id='word_1_21' title='bbox 380 715 480 800; x_wconf 83' lang='lat' dir='ltr'>ditis3</span> <span class='ocrx_word' id='word_1_22' title='bbox 507 741 572 786; x_wconf 92' lang='lat' dir='ltr'>nos</span> <span class='ocrx_word' id='word_1_23' title='bbox 595 713 778 785; x_wconf 82' lang='lat' dir='ltr'>Christum</span> <span class='ocrx_word' id='word_1_24' title='bbox 801 715 1011 788; x_wconf 82' lang='lat' dir='ltr'>crucifixum</span> <span class='ocrx_word' id='word_1_25' title='bbox 1032 718 1241 788; x_wconf 83' lang='lat' dir='ltr'>nominantes</span> 
     </span>
     <span class='ocr_line' id='line_1_6' title="bbox 379 831 1240 928; baseline -0.003 -22"><span class='ocrx_word' id='word_1_26' title='bbox 379 859 502 906; x_wconf 91' lang='lat' dir='ltr'>omnes</span> <span class='ocrx_word' id='word_1_27' title='bbox 531 833 693 927; x_wconf 85' lang='lat' dir='ltr'>fugamus</span> <span class='ocrx_word' id='word_1_28' title='bbox 724 831 929 920; x_wconf 82' lang='lat' dir='ltr'>daemones,</span> <span class='ocrx_word' id='word_1_29' title='bbox 968 858 1059 928; x_wconf 91' lang='lat' dir='ltr'>quos</span> <span class='ocrx_word' id='word_1_30' title='bbox 1086 853 1125 903; x_wconf 87' lang='lat' dir='ltr'>ut</span> <span class='ocrx_word' id='word_1_31' title='bbox 1153 831 1240 903; x_wconf 86' lang='lat' dir='ltr'><strong>Deos</strong></span> 
     </span>
     <span class='ocr_line' id='line_1_7' title="bbox 377 947 1239 1043; baseline -0.001 -22"><span class='ocrx_word' id='word_1_32' title='bbox 377 948 516 1022; x_wconf 87' lang='lat' dir='ltr'>timetis.</span> <span class='ocrx_word' id='word_1_33' title='bbox 582 948 630 1020; x_wconf 88' lang='lat' dir='ltr'>Et</span> <span class='ocrx_word' id='word_1_34' title='bbox 658 947 720 1019; x_wconf 92' lang='lat' dir='ltr'>ubi</span> <span class='ocrx_word' id='word_1_35' title='bbox 749 949 887 1043; x_wconf 85' lang='lat' dir='ltr'>signum</span> <span class='ocrx_word' id='word_1_36' title='bbox 918 950 1031 1022; x_wconf 89' lang='lat' dir='ltr'>crucis</span> <span class='ocrx_word' id='word_1_37' title='bbox 1059 951 1239 1035; x_wconf 84' lang='lat' dir='ltr'>formatur,</span> 
     </span>
     <span class='ocr_line' id='line_1_8' title="bbox 376 1064 1240 1161; baseline -0.002 -23"><span class='ocrx_word' id='word_1_38' title='bbox 376 1065 513 1160; x_wconf 84' lang='lat' dir='ltr'>magica</span> <span class='ocrx_word' id='word_1_39' title='bbox 541 1090 595 1136; x_wconf 85' lang='lat' dir='ltr'>ars</span> <span class='ocrx_word' id='word_1_40' title='bbox 627 1064 722 1136; x_wconf 89' lang='lat' dir='ltr'>vires</span> <span class='ocrx_word' id='word_1_41' title='bbox 758 1064 907 1151; x_wconf 88' lang='lat' dir='ltr'>amittit,</span> <span class='ocrx_word' id='word_1_42' title='bbox 948 1087 1053 1161; x_wconf 89' lang='lat' dir='ltr'>atque</span> <span class='ocrx_word' id='word_1_43' title='bbox 1084 1065 1240 1138; x_wconf 84' lang='lat' dir='ltr'>veneficia</span> 
     </span>
     <span class='ocr_line' id='line_1_9' title="bbox 376 1180 1241 1277; baseline -0.005 -21"><span class='ocrx_word' id='word_1_44' title='bbox 376 1182 462 1258; x_wconf 87' lang='lat' dir='ltr'>nihil</span> <span class='ocrx_word' id='word_1_45' title='bbox 489 1180 625 1252; x_wconf 88' lang='lat' dir='ltr'>virtutis</span> <span class='ocrx_word' id='word_1_46' title='bbox 650 1181 826 1253; x_wconf 81' lang='lat' dir='ltr'>habent.“</span> <span class='ocrx_word' id='word_1_47' title='bbox 892 1182 969 1268; x_wconf 90' lang='lat' dir='ltr'>Sic,</span> <span class='ocrx_word' id='word_1_48' title='bbox 996 1182 1095 1252; x_wconf 87' lang='lat' dir='ltr'>iuxta</span> <span class='ocrx_word' id='word_1_49' title='bbox 1117 1201 1241 1277; x_wconf 86' lang='lat' dir='ltr'>aposto·</span> 
     </span>
     <span class='ocr_line' id='line_1_10' title="bbox 376 1303 1242 1389; baseline -0.006 -17"><span class='ocrx_word' id='word_1_50' title='bbox 376 1303 469 1386; x_wconf 89' lang='lat' dir='ltr'>lum,</span> <span class='ocrx_word' id='word_1_51' title='bbox 485 1303 618 1384; x_wconf 83' lang='lat' dir='ltr'>stultam</span> <span class='ocrx_word' id='word_1_52' title='bbox 629 1305 713 1385; x_wconf 84' lang='lat' dir='ltr'>fecit</span> <span class='ocrx_word' id='word_1_53' title='bbox 735 1307 818 1369; x_wconf 85' lang='lat' dir='ltr'>Deus</span> <span class='ocrx_word' id='word_1_54' title='bbox 829 1307 1024 1389; x_wconf 80' lang='lat' dir='ltr'>sapientiam</span> <span class='ocrx_word' id='word_1_55' title='bbox 1039 1309 1131 1370; x_wconf 87' lang='lat' dir='ltr'>huius</span> <span class='ocrx_word' id='word_1_56' title='bbox 1154 1309 1242 1369; x_wconf 81' lang='lat' dir='ltr'>mnndi</span> 
     </span>
     <span class='ocr_line' id='line_1_11' title="bbox 373 1413 1242 1512; baseline -0.003 -26"><span class='ocrx_word' id='word_1_57' title='bbox 373 1441 441 1512; x_wconf 80' lang='lat' dir='ltr'>per</span> <span class='ocrx_word' id='word_1_58' title='bbox 465 1413 631 1488; x_wconf 83' lang='lat' dir='ltr'>uirtutem</span> <span class='ocrx_word' id='word_1_59' title='bbox 663 1414 799 1502; x_wconf 79' lang='lat' dir='ltr'>crucis,</span> <span class='ocrx_word' id='word_1_60' title='bbox 827 1437 972 1511; x_wconf 84' lang='lat' dir='ltr'>quaeest</span> <span class='ocrx_word' id='word_1_61' title='bbox 997 1422 1139 1486; x_wconf 75' lang='lat' dir='ltr'>Gentibus</span> <span class='ocrx_word' id='word_1_62' title='bbox 1155 1423 1242 1503; x_wconf 81' lang='lat' dir='ltr'>stulti·</span> 
     </span>
     <span class='ocr_line' id='line_1_12' title="bbox 373 1529 1241 1625; baseline -0.005 -22"><span class='ocrx_word' id='word_1_63' title='bbox 373 1546 434 1604; x_wconf 85' lang='lat' dir='ltr'>tia.</span> <span class='ocrx_word' id='word_1_64' title='bbox 497 1529 588 1624; x_wconf 82' lang='lat' dir='ltr'>Quae</span> <span class='ocrx_word' id='word_1_65' title='bbox 614 1555 685 1625; x_wconf 78' lang='lat' dir='ltr'>pru:</span> <span class='ocrx_word' id='word_1_66' title='bbox 713 1532 825 1604; x_wconf 84' lang='lat' dir='ltr'>oculis</span> <span class='ocrx_word' id='word_1_67' title='bbox 854 1532 988 1603; x_wconf 88' lang='lat' dir='ltr'>habens</span> <span class='ocrx_word' id='word_1_68' title='bbox 1015 1531 1048 1618; x_wconf 97' lang='lat' dir='ltr'>S</span> <span class='ocrx_word' id='word_1_69' title='bbox 1075 1530 1241 1602; x_wconf 80' lang='lat' dir='ltr'>Antonius</span> 
     </span>
     <span class='ocr_line' id='line_1_13' title="bbox 374 1647 1241 1746; baseline -0.006 -24"><span class='ocrx_word' id='word_1_70' title='bbox 374 1648 617 1746; x_wconf 81' lang='lat' dir='ltr'>philosophos</span> <span class='ocrx_word' id='word_1_71' title='bbox 641 1648 760 1742; x_wconf 92' lang='lat' dir='ltr'>primo</span> <span class='ocrx_word' id='word_1_72' title='bbox 785 1673 873 1719; x_wconf 82' lang='lat' dir='ltr'>mox</span> <span class='ocrx_word' id='word_1_73' title='bbox 900 1649 999 1720; x_wconf 89' lang='lat' dir='ltr'>aditu</span> <span class='ocrx_word' id='word_1_74' title='bbox 1021 1649 1092 1719; x_wconf 90' lang='lat' dir='ltr'>hoe</span> <span class='ocrx_word' id='word_1_75' title='bbox 1122 1647 1241 1742; x_wconf 83' lang='lat' dir='ltr'>stringit</span> 
     </span>
     <span class='ocr_line' id='line_1_14' title="bbox 378 1763 1240 1860; baseline -0.006 -22"><span class='ocrx_word' id='word_1_76' title='bbox 378 1767 601 1839; x_wconf 84' lang='lat' dir='ltr'>dilemmate:</span> <span class='ocrx_word' id='word_1_77' title='bbox 630 1764 767 1856; x_wconf 83' lang='lat' dir='ltr'>„Quid</span> <span class='ocrx_word' id='word_1_78' title='bbox 791 1785 924 1837; x_wconf 88' lang='lat' dir='ltr'>tantum</span> <span class='ocrx_word' id='word_1_79' title='bbox 943 1763 1141 1860; x_wconf 88' lang='lat' dir='ltr'>suscepistis</span> <span class='ocrx_word' id='word_1_80' title='bbox 1158 1763 1240 1836; x_wconf 92' lang='lat' dir='ltr'>labo·</span> 
     </span>
     <span class='ocr_line' id='line_1_15' title="bbox 372 1879 1239 1976; baseline -0.005 -22"><span class='ocrx_word' id='word_1_81' title='bbox 372 1909 474 1968; x_wconf 85' lang='lat' dir='ltr'>rem,</span> <span class='ocrx_word' id='word_1_82' title='bbox 510 1908 533 1952; x_wconf 93' lang='lat' dir='ltr'>o</span> <span class='ocrx_word' id='word_1_83' title='bbox 561 1879 793 1976; x_wconf 87' lang='lat' dir='ltr'>philosophi,</span> <span class='ocrx_word' id='word_1_84' title='bbox 832 1902 872 1952; x_wconf 91' lang='lat' dir='ltr'>ut</span> <span class='ocrx_word' id='word_1_85' title='bbox 902 1881 1043 1953; x_wconf 89' lang='lat' dir='ltr'>stultum</span> <span class='ocrx_word' id='word_1_86' title='bbox 1075 1881 1239 1972; x_wconf 86' lang='lat' dir='ltr'>hominem</span> 
     </span>
     <span class='ocr_line' id='line_1_16' title="bbox 376 1996 1274 2093; baseline -0.003 -22"><span class='ocrx_word' id='word_1_87' title='bbox 376 1996 642 2072; x_wconf 83' lang='lat' dir='ltr'>conveniretis?</span> <span class='ocrx_word' id='word_1_88' title='bbox 665 1997 985 2093; x_wconf 88' lang='lat' dir='ltr'>Respondentibus</span> <span class='ocrx_word' id='word_1_89' title='bbox 1004 1997 1089 2070; x_wconf 92' lang='lat' dir='ltr'>illis:</span> <span class='ocrx_word' id='word_1_90' title='bbox 1115 1996 1242 2092; x_wconf 69' lang='lat' dir='ltr'>Nequi¹</span> <span class='ocrx_word' id='word_1_91' title='bbox 1273 2021 1274 2052; x_wconf 72' lang='lat'><em>2</em></span> 
     </span>
     <span class='ocr_line' id='line_1_17' title="bbox 375 2097 1240 2211; baseline -0.003 -25"><span class='ocrx_word' id='word_1_92' title='bbox 375 2139 483 2210; x_wconf 92' lang='lat' dir='ltr'>quam</span> <span class='ocrx_word' id='word_1_93' title='bbox 507 2116 648 2188; x_wconf 86' lang='lat' dir='ltr'>stultum</span> <span class='ocrx_word' id='word_1_94' title='bbox 669 2114 783 2210; x_wconf 91' lang='lat' dir='ltr'>ipsum</span> <span class='ocrx_word' id='word_1_95' title='bbox 806 2097 898 2201; x_wconf 86' lang='lat' dir='ltr'>esse,</span> <span class='ocrx_word' id='word_1_96' title='bbox 921 2116 980 2186; x_wconf 87' lang='lat' dir='ltr'>sed</span> <span class='ocrx_word' id='word_1_97' title='bbox 996 2140 1161 2211; x_wconf 86' lang='lat' dir='ltr'>perquam</span> <span class='ocrx_word' id='word_1_98' title='bbox 1177 2138 1240 2210; x_wconf 90' lang='lat' dir='ltr'>pru·</span> 
     </span>
     <span class='ocr_line' id='line_1_18' title="bbox 377 2230 1239 2318; baseline -0.006 -14"><span class='ocrx_word' id='word_1_99' title='bbox 377 2233 542 2318; x_wconf 88' lang='lat' dir='ltr'>dentem,</span> <span class='ocrx_word' id='word_1_100' title='bbox 565 2230 673 2302; x_wconf 87' lang='lat' dir='ltr'>dixit:</span> <span class='ocrx_word' id='word_1_101' title='bbox 700 2230 734 2302; x_wconf 90' lang='lat' dir='ltr'>Si</span> <span class='ocrx_word' id='word_1_102' title='bbox 756 2230 898 2302; x_wconf 86' lang='lat' dir='ltr'>stultum</span> <span class='ocrx_word' id='word_1_103' title='bbox 918 2231 1047 2302; x_wconf 90' lang='lat' dir='ltr'>adiistis</span> <span class='ocrx_word' id='word_1_104' title='bbox 1063 2231 1239 2313; x_wconf 87' lang='lat' dir='ltr'>hominem,</span> 
     </span>
     <span class='ocr_line' id='line_1_19' title="bbox 374 2346 1240 2442; baseline -0.006 -22"><span class='ocrx_word' id='word_1_105' title='bbox 374 2346 464 2420; x_wconf 89' lang='lat' dir='ltr'>illud</span> <span class='ocrx_word' id='word_1_106' title='bbox 486 2368 578 2420; x_wconf 89' lang='lat' dir='ltr'>certe</span> <span class='ocrx_word' id='word_1_107' title='bbox 603 2347 697 2419; x_wconf 84' lang='lat' dir='ltr'>inani</span> <span class='ocrx_word' id='word_1_108' title='bbox 719 2349 861 2421; x_wconf 83' lang='lat' dir='ltr'>labore:</span> <span class='ocrx_word' id='word_1_109' title='bbox 890 2349 939 2419; x_wconf 84' lang='lat' dir='ltr'>sm</span> <span class='ocrx_word' id='word_1_110' title='bbox 962 2374 1018 2418; x_wconf 91' lang='lat' dir='ltr'>me</span> <span class='ocrx_word' id='word_1_111' title='bbox 1043 2348 1240 2442; x_wconf 89' lang='lat' dir='ltr'>prudentem</span> 
     </span>
     <span class='ocr_line' id='line_1_20' title="bbox 375 2463 1239 2558; baseline -0.009 -20"><span class='ocrx_word' id='word_1_112' title='bbox 375 2463 613 2551; x_wconf 80' lang='lat' dir='ltr'>arbitramini,</span> <span class='ocrx_word' id='word_1_113' title='bbox 642 2464 726 2536; x_wconf 87' lang='lat' dir='ltr'>mihi</span> <span class='ocrx_word' id='word_1_114' title='bbox 757 2487 869 2538; x_wconf 90' lang='lat' dir='ltr'>estote</span> <span class='ocrx_word' id='word_1_115' title='bbox 893 2465 1040 2552; x_wconf 82' lang='lat' dir='ltr'>ssmiles,</span> <span class='ocrx_word' id='word_1_116' title='bbox 1070 2490 1149 2536; x_wconf 90' lang='lat' dir='ltr'>cum</span> <span class='ocrx_word' id='word_1_117' title='bbox 1176 2483 1239 2558; x_wconf 82' lang='lat' dir='ltr'>quat</span> 
     </span>
     <span class='ocr_line' id='line_1_21' title="bbox 375 2571 1239 2678; baseline -0.006 -24"><span class='ocrx_word' id='word_1_118' title='bbox 375 2582 474 2654; x_wconf 86' lang='lat' dir='ltr'>bona</span> <span class='ocrx_word' id='word_1_119' title='bbox 489 2583 588 2668; x_wconf 85' lang='lat' dir='ltr'>sunt,</span> <span class='ocrx_word' id='word_1_120' title='bbox 611 2579 737 2652; x_wconf 90' lang='lat' dir='ltr'>imitari</span> <span class='ocrx_word' id='word_1_121' title='bbox 757 2609 818 2678; x_wconf 90' lang='lat' dir='ltr'>par</span> <span class='ocrx_word' id='word_1_122' title='bbox 845 2583 892 2654; x_wconf 81' lang='lat' dir='ltr'>fit.</span> <span class='ocrx_word' id='word_1_123' title='bbox 928 2571 1026 2654; x_wconf 34' lang='lat' dir='ltr'>‘Nam</span> <span class='ocrx_word' id='word_1_124' title='bbox 1049 2582 1078 2653; x_wconf 91' lang='lat' dir='ltr'>si</span> <span class='ocrx_word' id='word_1_125' title='bbox 1098 2606 1164 2677; x_wconf 88' lang='lat' dir='ltr'>ego</span> <span class='ocrx_word' id='word_1_126' title='bbox 1184 2601 1239 2672; x_wconf 80' lang='lat' dir='ltr'>vos</span> 
     </span>
     <span class='ocr_line' id='line_1_22' title="bbox 375 2695 1238 2785; baseline -0.007 -15"><span class='ocrx_word' id='word_1_127' title='bbox 375 2695 558 2785; x_wconf 87' lang='lat' dir='ltr'>adiissem,</span> <span class='ocrx_word' id='word_1_128' title='bbox 574 2724 652 2785; x_wconf 44' lang='lat' dir='ltr'>,vos</span> <span class='ocrx_word' id='word_1_129' title='bbox 674 2697 868 2770; x_wconf 89' lang='lat' dir='ltr'>imitaturus</span> <span class='ocrx_word' id='word_1_130' title='bbox 893 2723 1003 2770; x_wconf 88' lang='lat' dir='ltr'>eram:</span> <span class='ocrx_word' id='word_1_131' title='bbox 1033 2725 1114 2770; x_wconf 91' lang='lat' dir='ltr'>cum</span> <span class='ocrx_word' id='word_1_132' title='bbox 1137 2714 1238 2768; x_wconf 90' lang='lat' dir='ltr'>autem</span> 
     </span>
     <span class='ocr_line' id='line_1_23' title="bbox 365 2808 1238 2900; baseline -0.007 -15"><span class='ocrx_word' id='word_1_133' title='bbox 365 2815 422 2898; x_wconf 47' lang='lat' dir='ltr'>,ad</span> <span class='ocrx_word' id='word_1_134' title='bbox 457 2837 513 2885; x_wconf 92' lang='lat' dir='ltr'>me</span> <span class='ocrx_word' id='word_1_135' title='bbox 541 2839 607 2884; x_wconf 90' lang='lat' dir='ltr'>vos</span> <span class='ocrx_word' id='word_1_136' title='bbox 639 2815 876 2900; x_wconf 86' lang='lat' dir='ltr'>accesseritis,</span> <span class='ocrx_word' id='word_1_137' title='bbox 919 2815 988 2886; x_wconf 91' lang='lat' dir='ltr'>mei</span> <span class='ocrx_word' id='word_1_138' title='bbox 1021 2813 1145 2888; x_wconf 78' lang='lat' dir='ltr'>similes</span> <span class='ocrx_word' id='word_1_139' title='bbox 1180 2808 1238 2883; x_wconf 88' lang='lat' dir='ltr'>effi·</span> 
     </span>
     <span class='ocr_line' id='line_1_24' title="bbox 374 2909 1272 3026; baseline -0.004 -26"><span class='ocrx_word' id='word_1_140' title='bbox 374 2929 531 3000; x_wconf 80' lang='lat' dir='ltr'>eiamini:</span> <span class='ocrx_word' id='word_1_141' title='bbox 561 2928 922 3026; x_wconf 76' lang='lat' dir='ltr'>christianus0quippe</span> <span class='ocrx_word' id='word_1_142' title='bbox 945 2934 1032 3004; x_wconf 83' lang='lat' dir='ltr'>sum.</span> <span class='ocrx_word' id='word_1_143' title='bbox 1078 2922 1239 3001; x_wconf 83' lang='lat' dir='ltr'>Admirati</span> <span class='ocrx_word' id='word_1_144' title='bbox 1271 2909 1272 2914; x_wconf 6' lang='grc' dir='ltr'>ἵ</span> 
     </span>
     <span class='ocr_line' id='line_1_25' title="bbox 371 3037 1236 3142; baseline -0.003 -27"><span class='ocrx_word' id='word_1_145' title='bbox 371 3043 423 3116; x_wconf 86' lang='lat' dir='ltr'>illi</span> <span class='ocrx_word' id='word_1_146' title='bbox 454 3043 678 3116; x_wconf 86' lang='lat' dir='ltr'>abscessere:</span> <span class='ocrx_word' id='word_1_147' title='bbox 713 3037 795 3118; x_wconf 83' lang='lat' dir='ltr'>nam</span> <span class='ocrx_word' id='word_1_148' title='bbox 821 3068 944 3142; x_wconf 82' lang='lat' dir='ltr'>praeter</span> <span class='ocrx_word' id='word_1_149' title='bbox 972 3049 1046 3119; x_wconf 88' lang='lat' dir='ltr'>haec</span> <span class='ocrx_word' id='word_1_150' title='bbox 1071 3046 1236 3124; x_wconf 90' lang='lat' dir='ltr'>viderant,</span> 
     </span>
     <span class='ocr_line' id='line_1_26' title="bbox 360 3160 1238 3236; baseline -0.003 -4"><span class='ocrx_word' id='word_1_151' title='bbox 360 3161 551 3234; x_wconf 67' lang='lat' dir='ltr'>‘daemones</span> <span class='ocrx_word' id='word_1_152' title='bbox 570 3160 770 3236; x_wconf 83' lang='lat' dir='ltr'>Antonium</span> <span class='ocrx_word' id='word_1_153' title='bbox 790 3164 1027 3235; x_wconf 85' lang='lat' dir='ltr'>reformidare.</span> <span class='ocrx_word' id='word_1_154' title='bbox 1038 3167 1060 3202; x_wconf 71' lang='lat'>‘⁶</span> <span class='ocrx_word' id='word_1_155' title='bbox 1100 3160 1238 3234; x_wconf 64' lang='lat' dir='ltr'>&amp;Atha-</span> 
     </span>
     <span class='ocr_line' id='line_1_27' title="bbox 370 3279 995 3376; baseline 0.002 -27"><span class='ocrx_word' id='word_1_156' title='bbox 370 3303 447 3350; x_wconf 86' lang='lat' dir='ltr'>nas.</span> <span class='ocrx_word' id='word_1_157' title='bbox 474 3282 497 3349; x_wconf 92' lang='lat' dir='ltr'>l.</span> <span class='ocrx_word' id='word_1_158' title='bbox 525 3304 554 3349; x_wconf 91' lang='lat' dir='ltr'>c.</span> <span class='ocrx_word' id='word_1_159' title='bbox 581 3279 629 3350; x_wconf 92' lang='lat' dir='ltr'>T.</span> <span class='ocrx_word' id='word_1_160' title='bbox 655 3279 702 3350; x_wconf 91' lang='lat' dir='ltr'>Il.</span> <span class='ocrx_word' id='word_1_161' title='bbox 731 3305 819 3376; x_wconf 91' lang='lat' dir='ltr'>opp.</span> <span class='ocrx_word' id='word_1_162' title='bbox 846 3306 882 3376; x_wconf 90' lang='lat' dir='ltr'>p.</span> <span class='ocrx_word' id='word_1_163' title='bbox 911 3290 995 3372; x_wconf 83' lang='lat'>849.</span> 
     </span>
    </p>
   </div>
   <div class='ocr_carea' id='block_1_2' title="bbox 368 3500 1270 4082">
    <p class='ocr_par' dir='ltr' id='par_1_6' title="bbox 368 3435 1271 4082">
     <span class='ocr_line' id='line_1_28' title="bbox 446 3500 1237 3616; baseline -0.01 -32"><span class='ocrx_word' id='word_1_164' title='bbox 446 3506 562 3616; x_wconf 81' lang='lat' dir='ltr'>Apud</span> <span class='ocrx_word' id='word_1_165' title='bbox 589 3512 806 3589; x_wconf 85' lang='lat' dir='ltr'>Matthaeum</span> <span class='ocrx_word' id='word_1_166' title='bbox 834 3514 879 3586; x_wconf 90' lang='lat' dir='ltr'>de</span> <span class='ocrx_word' id='word_1_167' title='bbox 906 3513 1127 3612; x_wconf 86' lang='lat' dir='ltr'>septuaginta</span> <span class='ocrx_word' id='word_1_168' title='bbox 1155 3500 1237 3584; x_wconf 55' lang='lat' dir='ltr'>disci*</span> 
     </span>
     <span class='ocr_line' id='line_1_29' title="bbox 368 3630 1237 3728; baseline -0.006 -25"><span class='ocrx_word' id='word_1_169' title='bbox 368 3630 484 3728; x_wconf 80' lang='lat' dir='ltr'>pulis,</span> <span class='ocrx_word' id='word_1_170' title='bbox 510 3655 588 3726; x_wconf 87' lang='lat' dir='ltr'>quae</span> <span class='ocrx_word' id='word_1_171' title='bbox 611 3630 725 3703; x_wconf 90' lang='lat' dir='ltr'>Lucas</span> <span class='ocrx_word' id='word_1_172' title='bbox 749 3647 780 3708; x_wconf 87' lang='lat' dir='ltr'>in</span> <span class='ocrx_word' id='word_1_173' title='bbox 802 3646 870 3722; x_wconf 86' lang='lat' dir='ltr'>ipsa</span> <span class='ocrx_word' id='word_1_174' title='bbox 892 3643 969 3702; x_wconf 80' lang='lat' dir='ltr'>liora</span> <span class='ocrx_word' id='word_1_175' title='bbox 991 3631 1158 3703; x_wconf 89' lang='lat' dir='ltr'>accidisse</span> <span class='ocrx_word' id='word_1_176' title='bbox 1181 3649 1237 3698; x_wconf 79' lang='lat' dir='ltr'>me⁴</span> 
     </span>
     <span class='ocr_line' id='line_1_30' title="bbox 371 3744 1237 3842; baseline -0.012 -22"><span class='ocrx_word' id='word_1_177' title='bbox 371 3747 493 3835; x_wconf 74' lang='lat' dir='ltr'>minu,</span> <span class='ocrx_word' id='word_1_178' title='bbox 514 3773 591 3822; x_wconf 89' lang='lat' dir='ltr'>non</span> <span class='ocrx_word' id='word_1_179' title='bbox 615 3751 801 3842; x_wconf 79' lang='lat' dir='ltr'>leguntur3</span> <span class='ocrx_word' id='word_1_180' title='bbox 828 3748 1029 3820; x_wconf 82' lang='lat' dir='ltr'>subduntur</span> <span class='ocrx_word' id='word_1_181' title='bbox 1050 3768 1166 3819; x_wconf 90' lang='lat' dir='ltr'>autem</span> <span class='ocrx_word' id='word_1_182' title='bbox 1187 3744 1237 3812; x_wconf 86' lang='lat' dir='ltr'>ho·</span> 
     </span>
     <span class='ocr_line' id='line_1_31' title="bbox 372 3859 1270 3960; baseline -0.009 -26"><span class='ocrx_word' id='word_1_183' title='bbox 372 3865 549 3958; x_wconf 86' lang='lat' dir='ltr'>mologesi</span> <span class='ocrx_word' id='word_1_184' title='bbox 579 3863 711 3937; x_wconf 87' lang='lat' dir='ltr'>Christi</span> <span class='ocrx_word' id='word_1_185' title='bbox 739 3891 802 3952; x_wconf 90' lang='lat' dir='ltr'>ea,</span> <span class='ocrx_word' id='word_1_186' title='bbox 839 3889 917 3960; x_wconf 90' lang='lat' dir='ltr'>quae</span> <span class='ocrx_word' id='word_1_187' title='bbox 943 3864 1111 3960; x_wconf 87' lang='lat' dir='ltr'>proximo</span> <span class='ocrx_word' id='word_1_188' title='bbox 1138 3859 1234 3956; x_wconf 81' lang='lat' dir='ltr'>capite</span> <span class='ocrx_word' id='word_1_189' title='bbox 1269 3879 1270 3900; x_wconf 63' lang='lat'>¹</span> 
     </span>
     <span class='ocr_line' id='line_1_32' title="bbox 371 3978 1235 4082; baseline -0.009 -27"><span class='ocrx_word' id='word_1_190' title='bbox 371 3979 609 4055; x_wconf 82' lang='lat' dir='ltr'>tractabimus.</span> <span class='ocrx_word' id='word_1_191' title='bbox 660 3980 762 4056; x_wconf 87' lang='lat' dir='ltr'>Alibi</span> <span class='ocrx_word' id='word_1_192' title='bbox 789 3981 969 4082; x_wconf 87' lang='lat' dir='ltr'>discipulis</span> <span class='ocrx_word' id='word_1_193' title='bbox 995 3980 1065 4056; x_wconf 88' lang='lat' dir='ltr'>suis</span> <span class='ocrx_word' id='word_1_194' title='bbox 1091 3978 1235 4054; x_wconf 69' lang='lat' dir='ltr'>Chium</span> 
     </span>
    </p>
   </div>
   <div class='ocr_carea' id='block_1_3' title="bbox 287 4119 300 4150">
    <p class='ocr_par' dir='ltr' id='par_1_7' title="bbox 287 4119 300 4150">
     <span class='ocr_line' id='line_1_33' title="bbox 287 4119 300 4150; baseline 0 0"><span class='ocrx_word' id='word_1_195' title='bbox 287 4119 300 4150; x_wconf 78' lang='lat'><em>0</em></span> 
     </span>
    </p>
   </div>
   <div class='ocr_carea' id='block_1_4' title="bbox 751 4305 766 4338">
    <p class='ocr_par' dir='ltr' id='par_1_8' title="bbox 751 4305 766 4338">
     <span class='ocr_line' id='line_1_34' title="bbox 751 4305 766 4338; baseline 0 0"><span class='ocrx_word' id='word_1_196' title='bbox 751 4305 766 4338; x_wconf 76' lang='lat'><strong>0</strong></span> 
     </span>
    </p>
   </div>
   <div class='ocr_carea' id='block_1_5' title="bbox 0 0 1288 4680">
    <p class='ocr_par' dir='ltr' id='par_1_9' title="bbox 0 0 1288 4680">
     <span class='ocr_line' id='line_1_35' title="bbox 0 0 1288 4680; baseline 0 0"><span class='ocrx_word' id='word_1_197' title='bbox 0 0 1288 4680; x_wconf 95' lang='lat' dir='ltr'> </span> 
     </span>
    </p>
   </div>
  </div>
 </body>
</html>
