2438 4566
393 352 625 368 m·

880 344 952 411 273

70 494 89 541 n
117 475 246 539 GaliIea
263 475 350 537 venit
370 473 534 538 Christus?
565 476 670 539 Nonne
676 461 839 560 scriptura
859 480 954 541 dicit:
981 475 1100 571 Otene·

70 596 155 679 Quia
179 592 348 672 exsemine
366 592 493 670 David,
512 582 543 656 et
564 594 606 684 de
623 594 797 656 Bethlehem
813 595 955 675 castello,
980 599 1096 661 LXXX.

70 714 123 776 ubi
144 723 215 774 erat
233 710 364 787 David,
385 697 473 771 venit
495 709 654 787 Christus?
678 708 834 772 Dissentio
850 715 958 795 itaque
971 718 1112 778 W

70 826 161 909 facta
188 838 235 888 est
261 829 295 887 in
325 824 418 887 turba
439 835 569 906 propter
602 845 680 887 enm.
754 818 867 910 Quod
897 821 956 891 hic

75 960 159 1036 non=
174 951 397 1029 agnoscunt,
431 950 596 1034 poterant
620 958 640 1003 a
666 933 810 1007 muliere
833 936 959 1031 gentili

79 1050 209 1123 discere
233 1050 370 1124 Matth.
393 1048 480 1120 XV.
507 1074 564 1123 22.
599 1058 640 1120 Et
663 1078 727 1121 ecce
749 1063 857 1123 mulier
883 1064 959 1124 Clza·
1065 1136 1068 1143 Ι

79 1195 178 1239 natica
199 1195 222 1237 a
238 1174 352 1253 finibus
374 1176 436 1236 iliis
458 1193 575 1251 egressa
596 1177 766 1254 clamavit,
789 1181 888 1241 dicens
907 1182 935 1242 ei
947 1204 958 1239 .-

80 1292 217 1357 Miserere
238 1295 319 1371 mei,
359 1291 511 1367 Domine,
534 1289 586 1366 fili
612 1282 746 1352 David!
788 1284 959 1360 Poterant

82 1400 234 1497 quinimo
260 1400 306 1472 ab
336 1397 419 1495 ipsis
448 1389 668 1484 infantibus,
695 1400 823 1473 moniti
852 1405 957 1476 etiam

84 1516 301 1602 aChrist0‚
342 1515 437 1586 idem
479 1513 721 1587 testimonium
760 1514 957 1613 intelligere

83 1632 207 1708 Matth.
235 1632 342 1704 XXI.
373 1643 427 1720 15.
457 1651 521 1703 etc.
556 1642 695 1702 Videntes
721 1654 825 1704 autem
844 1647 958 1724 princi·

77 1776 127 1839 pes
135 1759 335 1839 sacerdotum
366 1770 397 1820 et
410 1755 519 1835 scribe
550 1759 731 1836 mirabilia,
768 1778 836 1842 qua
852 1761 961 1841 fecit‚

86 1886 111 1936 et
126 1866 237 1957 peteres
261 1876 429 1936 clamantes
447 1878 480 1936 in
505 1876 637 1956 templo,
664 1890 695 1938 et
719 1878 869 1941 dicentes:
896 1879 960 1939 Ho-

85 2008 171 2055 scnna
185 1992 255 2069 filio
282 1991 413 2053 David:
447 1992 601 2068 indignati
618 1991 721 2071 sant,
758 2007 788 2057 et
814 1997 961 2058 dixerant

74 2110 127 2169 ei:
149 2111 269 2186 Audis,
295 2109 372 2191 qnid
389 2111 443 2171 isti
463 2109 598 2173 dicunt?
634 2110 725 2180 Jesccs
745 2124 849 2174 autem
875 2114 960 2175 dixit

85 2226 140 2287 eis:
170 2226 299 2308 Utique:
328 2243 485 2306 nunquam
509 2213 647 2300 legistis:
674 2228 758 2310 Quia
780 2247 819 2290 ex
843 2248 895 2291 ore
906 2234 961 2307 ρη-

76 2338 209 2439 tentiam
232 2353 263 2403 et
283 2342 463 2402 lactentium
480 2340 641 2422 perfecisti
665 2344 813 2405 landem?
840 2337 960 2432 Opor-

86 2448 143 2521 tuit
167 2449 330 2544 undique
354 2468 581 2545 pervagatam
604 2447 709 2519 fuisse
740 2451 841 2522 etiam
867 2455 960 2524 ultra

86 2562 233 2637 Judae‘am
252 2563 414 2665 notitiam
430 2564 475 2634 de
491 2577 621 2659 genere
638 2563 769 2636 Christi
788 2592 832 2638 ex
851 2568 960 2663 stirpe

86 2676 221 2771 David,
259 2707 348 2753 mox
379 2699 466 2752 nato
501 2679 647 2751 Christo
680 2681 864 2769 excitatam
897 2695 963 2780 per‘

87 2822 199 2896 magos
222 2799 397 2872 adventus
418 2797 509 2871 illius
533 2796 783 2870 attentionem:
806 2792 960 2873 maxime

89 2937 215 3005 autem,
243 2916 542 3013 quodiceptrum
569 2916 614 2987 de
640 2915 731 2988 Juda
757 2928 842 2991 tunc
867 2918 960 2991 abia·

90 3048 154 3107 tum
175 3054 285 3120 esset,
313 3035 410 3128 apud
433 3032 585 3107 Judaeos,

152 3264 229 3355 At,
266 3267 348 3338 licet
384 3262 545 3336 Christus
583 3263 688 3335 ferret
723 3261 967 3343 indifferenter
1044 3302 1050 3313 ·

91 3404 122 3455 se
140 3384 253 3458 filiuni
276 3382 401 3455 David
422 3379 609 3478 appellari,
637 3406 819 3476 nunquam
844 3408 962 3458 tamen

93 3499 296 3593 provocavit
339 3499 384 3570 ad
427 3524 539 3594 genus
578 3499 679 3570 suum
720 3498 958 3573 Davidicum:

94 3618 215 3717 quippe
244 3615 305 3714 qui
330 3642 405 3689 non
427 3634 574 3688 venerat
598 3617 642 3687 ad
665 3621 803 3689 carnale
822 3619 893 3688 hoc
916 3619 965 3688 se-

97 3754 166 3806 men
197 3734 499 3832 propagandum,
538 3753 644 3828 atque
680 3732 804 3803 solium
842 3731 966 3808 David

100 3860 284 3938 terrenum,
311 3877 531 3948 regnumque
555 3850 658 3924 huius
686 3848 836 3940 mundi,
864 3852 967 3946 quod

137 3967 173 4041 T
176 3988 246 4046 on.
274 3968 320 4042 11.
677 3965 698 4036 8
