2438 4566
200 304 206 313 .
247 296 292 365 ¹3

101 437 215 500 CM!
244 437 398 510 docendi
421 436 550 509 modus
572 436 701 508 fastum
732 437 868 532 saperet
887 455 949 512 aut
971 441 1126 518 ostentati

108 555 213 610 XXXI.
243 557 404 643 tionem,
444 553 612 650 operibus
643 553 801 648 idipsum
831 555 939 642 facit,
982 576 1018 629 et
1051 578 1123 631 tan·

88 672 347 770 quuam
379 691 606 769 postestatem
637 670 773 742 habens
798 672 945 745 morbos
975 694 1085 749 curat.
1100 678 1133 727 “v

148 824 152 838 ·
194 845 198 854 .
240 789 421 886 Discipuli
461 809 543 885 post
583 789 874 860 resurrectionem
915 805 1042 863 euntes
1084 792 1122 864 in

240 908 372 980 Emaus
394 908 465 979 hoc
493 905 656 991 Christ0,
685 905 782 976 inscii
807 932 887 978 curn
908 905 988 1002 ipso
1008 909 1121 982 verba

237 1013 428 1108 facientes,
464 1021 703 1113 testimonium
733 1023 912 1109 reddunt,
951 1025 1047 1098 hanc
1072 1026 1122 1122 ip-

238 1166 312 1213 sam
341 1140 377 1210 in
404 1141 565 1212 sermone
593 1139 727 1210 Christi
755 1139 921 1212 virtutem
948 1159 1037 1214 tunc
1064 1167 1120 1213 ex·

238 1255 355 1354 perti:
388 1262 513 1341 Nonne,
541 1254 661 1340 aiunt,
690 1283 740 1326 cor
758 1255 895 1327 nostrum
918 1268 1029 1330 ardens
1052 1277 1117 1330 crat

236 1387 270 1444 in
292 1383 397 1472 nobis,
424 1384 497 1443 dum
517 1383 689 1464 loqueretur
708 1385 740 1443 in
760 1385 841 1458 via,
867 1393 898 1445 et
918 1387 1055 1464 aperiret
1070 1405 1119 1446 no·

236 1498 282 1560 bis
300 1498 507 1579 scripturos?
565 1488 739 1561 Divinam
772 1515 901 1586 nempe
932 1492 1118 1564 auctorita·

236 1624 310 1678 tem
336 1624 537 1678 constanter
567 1626 602 1677 et
627 1605 759 1701 ubique
786 1606 1055 1680 demonstrabat
1081 1609 1117 1683 io

238 1724 428 1796 docendo:
467 1748 615 1816 eamque
657 1723 892 1795 confirmabat
922 1723 1025 1796 lesus
1056 1752 1116 1821 per

235 1841 333 1934 figna
371 1859 407 1909 et
438 1837 625 1925 miracula,
663 1863 683 1909 a
714 1857 875 1934 tempore
906 1865 980 1935 quo
1015 1843 1115 1938 coepit

234 1957 351 2029 facere
392 1975 427 2026 et
466 1956 594 2027 docere
633 1955 783 2051 perinde
823 1954 926 2028 etiam
967 1956 1007 2041 in
1047 1958 1108 2044 iis,

237 2098 316 2168 quae
341 2071 512 2158 faciebat,
536 2071 691 2144 divinam
715 2091 925 2167 potestatem
943 2073 1042 2144 suam
1060 2075 1111 2145 de·

125 2255 129 2263 .
237 2188 392 2262 clarabat
412 2188 623 2284 imperando
647 2188 783 2274 ventis,
810 2188 964 2274 morbis,
992 2190 1111 2275 morti,

237 2297 484 2393 daemonibus,
512 2304 598 2400 ipsis
624 2304 853 2377 lictoribus
844 2332 880 2376 tn
903 2305 1041 2394 hort0‚
1076 2324 1109 2378 ut

238 2421 468 2509 notavimus,
507 2421 780 2516 notabimusque
826 2382 896 2494 suis
941 2422 1033 2495 locis
1065 2417 1109 2512 a)

238 2539 442 2614 Mortem
433 2565 543 2637 ipsam
570 2539 788 2636 resurgendo
816 2528 971 2624 devicit,
1012 2558 1048 2611 et
1070 2564 1113 2611 as·

239 2635 434 2730 tendendo
457 2659 519 2730 sua
543 2656 674 2731 virtute
700 2655 737 2724 in
764 2659 892 2728 coelum
917 2658 1029 2728 coelos
1054 2681 1109 2729 no·

238 2772 294 2845 bis
321 2771 469 2869 aperuit.

312 3005 484 3100 Regnum
506 2994 604 3092 Dei,
632 3005 733 3102 quod
759 3005 797 3079 in
824 2997 923 3081 terris
948 3006 1112 3103 praedica·

236 3121 290 3196 vit
317 3123 500 3210 Christus,
526 3143 694 3195 aeternum
722 3124 826 3196 nobis
851 3124 888 3194 in
916 3125 1015 3196 coelis
1042 3123 1113 3197 red-

236 3240 355 3327 didit,
406 3241 606 3334 reddetque
658 3241 822 3334 gloriosis
870 3240 1113 3335 corporibus,

236 3358 339 3452 quod
370 3376 423 3429 est
449 3359 751 3452 complementum
777 3373 819 3430 ac
844 3356 924 3428 finis
951 3356 1113 3453 Evange-

234 3474 272 3545 lii
305 3474 417 3570 regni.
469 3459 582 3546 Levia
611 3476 716 3562 lunt,
755 3497 832 3570 quae
862 3472 1046 3546 attulimus
1073 3474 1115 3544 dt

233 3589 382 3662 infirmis
409 3589 562 3678 curatis,
590 3608 696 3686 atque
722 3589 827 3662 etiarn
854 3588 1039 3664 advitam
1067 3615 1118 3663 rt*

273 3786 308 3865 s)
326 3771 414 3846 antra
436 3790 491 3848 JV.
515 3804 559 3860 29.
613 3791 657 3848 nr
680 3793 702 3853 r.
725 3809 770 3860 42.
824 3790 863 3849 rr.
892 3791 926 3849 u.
949 3805 994 3857 4¹.
1053 3791 1116 3846 aa.

396 3885 447 4026 t:
494 3875 540 4020 ts.
559 3875 689 4023 till.
706 3884 751 4016 r·
804 3873 845 3936 ¹⁸·
