2438 4566
383 156 615 172 1—-

868 143 940 212 ¹73

10 288 17 325 f
70 278 197 354 nederc,
225 275 364 358 operibus
389 279 518 356 credite,
545 289 583 339 ut
603 281 809 358 cognoscatis,
832 292 863 342 et
880 301 939 344 cre·
965 272 1080 338 Casu?

19 434 23 441 ·
69 399 167 473 dotis,
194 397 271 476 quia
297 395 392 456 Pater
419 397 452 454 iu
477 410 524 455 me
551 402 618 472 est,
645 407 674 458 et
699 416 753 474 ego
775 401 808 460 in
835 397 940 462 Patre.
980 397 1072 458 LXss..

71 503 175 597 Quod
189 503 275 574 dum
291 528 363 574 non
378 502 557 588 fecerunt,
574 500 699 593 Judaei,
716 503 855 599 indigni
869 505 941 576 fue·
954 514 1096 576 ΜΛΝ

35 703 41 714 ,
68 640 162 706 runt,
190 620 323 714 quibus
345 645 381 690 se
405 617 566 689 Christus
585 616 713 692 virtute
734 623 796 693 sua
819 620 943 694 divina

69 765 109 811 ex
126 735 278 809 mortuis
301 758 490 829 resurgens
513 738 594 830 plus
617 760 724 831 quam
744 738 871 810 Jonam
894 738 943 830 (e
997 822 1000 835 Ι

69 874 186 929 ventre
203 851 309 951 piscis
324 879 398 923 non
417 853 538 948 suapte
555 851 682 927 virtute
699 854 820 929 vivum
835 855 945 952 prod·

71 991 205 1072 curnem
235 969 296 1042 sed
323 966 507 1059 eiectum)
541 972 754 1069 ostenderet
812 974 945 1054 Exem-

69 1092 160 1187 plum
175 1089 275 1160 Jonae
297 1086 346 1160 db
367 1088 493 1158 oculos
514 1111 653 1182 ponens
667 1088 700 1163 S.
712 1089 867 1162 Justinus
881 1089 944 1162 M.

71 1205 257 1302 exprobrat
268 1203 466 1301 Tryphoni
477 1200 614 1289 Judaeo‚
629 1229 750 1292 „cum,
764 1197 953 1302 inquito),¹

70 1321 191 1394 scirent
212 1347 338 1393 omnes
355 1320 464 1394 vestri
481 1319 623 1414 generis
640 1318 804 1393 homines
821 1322 945 1396 aJona

26 1534 29 1539 Ι
71 1437 151 1510 taeta
175 1464 275 1525 esse,
303 1463 456 1533 cumque
483 1435 767 1534 Christusapud
787 1464 855 1510 vos
879 1443 946 1511 cla·

22 1636 25 1641 ¹
74 1575 191 1642 maret,
212 1580 249 1626 se
270 1554 405 1650 signum
425 1554 525 1626 Jonae
548 1554 654 1627 vobis
680 1552 863 1642 daturum,
888 1557 948 1627 ad·
1045 1547 1046 1551 ¹
1125 1545 1128 1549 ⁵

77 1669 230 1758 hostane,
256 1691 298 1743 ut
322 1673 441 1743 saltem
465 1690 657 1767 postquam
680 1667 700 1745 a
724 1673 873 1746 mortuis
896 1699 947 1745 re·

30 1790 36 1797 ’
78 1789 294 1875 surrexisset,
320 1785 562 1885 poenitentiam
585 1788 752 1884 improbe
768 1791 946 1864 factorum

48 1920 52 1927 '
78 1906 237 2000 ageretis,
265 1924 302 1977 et
324 1901 562 1999 Ninivitarum
591 1910 762 2003 exemplo·
784 1909 947 2004 lacrymis
1046 1991 1049 1998 Ι

78 2018 188 2095 Deum
206 2010 412 2111 flectereris,
437 2049 481 2094 ne
502 2049 590 2119 gens
610 2043 747 2111 vestra,
770 2043 805 2096 et
824 2023 947 2096 civitas

79 2161 180 2237 capta·
203 2160 446 2225 everteretur,
486 2141 790 2234 quemadmodum
825 2167 948 2216 eversa

80 2250 144 2345 est,
178 2247 261 2328 non*
282 2258 400 2328 modo
424 2252 669 2353 poenitentiam
698 2282 774 2327 non
801 2255 950 2352 egistis,

74 2373 419 2472 postquamillumex
430 2372 950 2445 mortuisresurrexissedidici·

17 2562 21 2569 .
73 2491 231 2579 stis;·sed
250 2490 376 2578 etiam,
397 2509 436 2564 ut
457 2490 525 2561 iam
547 2489 640 2576 dixi,
662 2490 819 2563 delectos
836 2491 950 2563 homi·

72 2635 127 2682 nes
148 2608 380 2684 constituistis
394 2592 424 2697 ,3
440 2634 481 2681 ac
506 2631 571 2704 per
596 2633 660 2681 eos
682 2607 719 2678 in
754 2626 869 2683 totum
893 2626 964 2682 οτ-Ι

23 2806 26 2811 ,
71 2724 145 2801 bem
190 2747 360 2800 terrarum
397 2726 521 2798 missos
547 2725 770 2823 'praedicastis
803 2724 981 2825 impiam
1035 2815 1038 2821 1

69 2843 258 2940 quamdam
281 2864 318 2915 et
341 2845 503 2938 exlegem
524 2844 652 2914 sectam
675 2871 696 2916 a
726 2845 835 2940 plano
860 2873 952 2942 qum

68 2963 147 3035 dam
165 2961 263 3035 'Jesu
288 2959 443 3030 Galilaeo
468 2958 656 3030 excitatam
684 2985 784 3048 esse,
812 2981 951 3039 etcum

67 3076 213 3182 illum-a
241 3073 349 3152 vobis
377 3072 591 3148 crucifixum·
612 3073 780 3174 discipuli
807 3105 852 3152 ex
876 3107 952 3154 mo·
1012 3164 1014 3174 Ι

66 3215 265 3283 numento,
296 3193 332 3264 in
358 3218 454 3291 quo,
481 3193 658 3266 refixuse
680 3221 784 3269 cruce
810 3199 953 3296 deposi-

64 3331 119 3386 tus
142 3314 279 3399 fuerat,
299 3331 408 3384 noctu
422 3305 669 3408 surripuerint,
683 3315 806 3412 'decipi
825 3317 953 3388 abillis

66 3430 253 3518 homines,
274 3430 362 3502 dum
383 3455 463 3501 eum
478 3455 524 3502 ex
542 3430 689 3505 mortuis
707 3433 952 3524 resurrexisse,

66 3540 166 3622 uin
193 3551 323 3621 coelum
352 3545 549 3621 ascendisse
576 3547 747 3633 dictitant,
760 3551 784 3590 ‘⁶

74 3668 85 3702 i'
105 3699 138 3775 ι)
159 3701 200 3758 Ν.
216 3693 284 3764 iou.
304 3712 331 3771 p.
356 3713 417 3755 202.

251 3849 770 3880 w
