<?xml version="1.0" encoding="UTF-8"?>
<!DOCTYPE html PUBLIC "-//W3C//DTD XHTML 1.0 Transitional//EN"
    "http://www.w3.org/TR/xhtml1/DTD/xhtml1-transitional.dtd">
<html xmlns="http://www.w3.org/1999/xhtml" xml:lang="en" lang="en">
 <head>
  <title>
</title>
<meta http-equiv="Content-Type" content="text/html;charset=utf-8" />
  <meta name='ocr-system' content='tesseract 3.04.00' />
  <meta name='ocr-capabilities' content='ocr_page ocr_carea ocr_par ocr_line ocrx_word'/>
</head>
<body>
  <div class='ocr_page' id='page_1' title='image "./desublimiinevan02gerbgoog_0405.png"; bbox 0 0 2438 4566; ppageno 0'>
   <div class='ocr_carea' id='block_1_1' title="bbox 66 287 1135 3004">
    <p class='ocr_par' dir='ltr' id='par_1_1' title="bbox 84 287 1135 1371">
     <span class='ocr_line' id='line_1_1' title="bbox 408 287 1011 395; baseline -0.007 1"><span class='ocrx_word' id='word_1_1' title='bbox 408 301 646 358; x_wconf 76' lang='grc'>’----</span> <span class='ocrx_word' id='word_1_2' title='bbox 886 287 968 395; x_wconf 69' lang='lat'><strong>7407</strong></span> <span class='ocrx_word' id='word_1_3' title='bbox 1006 295 1011 304; x_wconf 48' lang='lat'><strong>²</strong></span> 
     </span>
     <span class='ocr_line' id='line_1_2' title="bbox 84 440 1119 569; baseline -0.008 -35"><span class='ocrx_word' id='word_1_4' title='bbox 84 452 316 554; x_wconf 83' lang='lat' dir='ltr'><strong>interpretari</strong></span> <span class='ocrx_word' id='word_1_5' title='bbox 341 446 388 527; x_wconf 83' lang='lat' dir='ltr'><strong>de</strong></span> <span class='ocrx_word' id='word_1_6' title='bbox 410 444 637 530; x_wconf 73' lang='lat' dir='ltr'>revocatione</span> <span class='ocrx_word' id='word_1_7' title='bbox 660 447 773 529; x_wconf 82' lang='lat' dir='ltr'><strong>fratris</strong></span> <span class='ocrx_word' id='word_1_8' title='bbox 797 455 865 569; x_wconf 69' lang='lat' dir='ltr'><strong>iam</strong></span> <span class='ocrx_word' id='word_1_9' title='bbox 888 481 971 550; x_wconf 90' lang='lat' dir='ltr'><strong>qua·</strong></span> <span class='ocrx_word' id='word_1_10' title='bbox 1003 440 1119 506; x_wconf 60' lang='grc' dir='ltr'><strong>ΟΜ</strong></span> 
     </span>
     <span class='ocr_line' id='line_1_3' title="bbox 90 560 1088 669; baseline -0.008 -20"><span class='ocrx_word' id='word_1_11' title='bbox 90 576 250 650; x_wconf 90' lang='lat' dir='ltr'><strong>triduani</strong></span> <span class='ocrx_word' id='word_1_12' title='bbox 273 574 319 645; x_wconf 90' lang='lat' dir='ltr'><strong>ad</strong></span> <span class='ocrx_word' id='word_1_13' title='bbox 341 574 473 650; x_wconf 79' lang='lat' dir='ltr'><strong>vitam,</strong></span> <span class='ocrx_word' id='word_1_14' title='bbox 499 560 702 669; x_wconf 85' lang='lat' dir='ltr'><strong>quodcum</strong></span> <span class='ocrx_word' id='word_1_15' title='bbox 727 575 841 645; x_wconf 85' lang='lat' dir='ltr'><strong>facere</strong></span> <span class='ocrx_word' id='word_1_16' title='bbox 869 572 971 644; x_wconf 88' lang='lat' dir='ltr'><strong>desti·</strong></span> <span class='ocrx_word' id='word_1_17' title='bbox 1034 562 1088 617; x_wconf 68' lang='lat' dir='ltr'><strong>CV·</strong></span> 
     </span>
     <span class='ocr_line' id='line_1_4' title="bbox 91 678 1135 786; baseline -0.007 -20"><span class='ocrx_word' id='word_1_18' title='bbox 91 678 216 766; x_wconf 86' lang='lat' dir='ltr'><strong>nasset</strong></span> <span class='ocrx_word' id='word_1_19' title='bbox 237 692 336 777; x_wconf 75' lang='lat' dir='ltr'><strong>iesus</strong></span> <span class='ocrx_word' id='word_1_20' title='bbox 359 690 586 776; x_wconf 86' lang='lat' dir='ltr'>miraculum,</span> <span class='ocrx_word' id='word_1_21' title='bbox 613 691 752 786; x_wconf 80' lang='lat' dir='ltr'><strong>gavisus</strong></span> <span class='ocrx_word' id='word_1_22' title='bbox 776 710 867 776; x_wconf 90' lang='lat' dir='ltr'><strong>erat,</strong></span> <span class='ocrx_word' id='word_1_23' title='bbox 891 688 974 784; x_wconf 89' lang='lat' dir='ltr'><strong>quia</strong></span> <span class='ocrx_word' id='word_1_24' title='bbox 993 681 1135 742; x_wconf 54' lang='lat' dir='ltr'><strong>“W</strong></span> 
     </span>
     <span class='ocr_line' id='line_1_5' title="bbox 93 799 976 905; baseline -0.007 -23"><span class='ocrx_word' id='word_1_25' title='bbox 93 837 173 883; x_wconf 90' lang='lat' dir='ltr'><strong>non</strong></span> <span class='ocrx_word' id='word_1_26' title='bbox 202 829 275 880; x_wconf 89' lang='lat' dir='ltr'><strong>erat</strong></span> <span class='ocrx_word' id='word_1_27' title='bbox 307 799 381 878; x_wconf 89' lang='lat' dir='ltr'><strong>ibi:</strong></span> <span class='ocrx_word' id='word_1_28' title='bbox 423 804 457 877; x_wconf 89' lang='lat' dir='ltr'><strong>Si</strong></span> <span class='ocrx_word' id='word_1_29' title='bbox 488 807 582 877; x_wconf 91' lang='lat' dir='ltr'><strong>enim</strong></span> <span class='ocrx_word' id='word_1_30' title='bbox 611 834 648 879; x_wconf 89' lang='lat' dir='ltr'><strong>sc</strong></span> <span class='ocrx_word' id='word_1_31' title='bbox 678 828 851 905; x_wconf 86' lang='lat' dir='ltr'><strong>praesente</strong></span> <span class='ocrx_word' id='word_1_32' title='bbox 882 832 976 877; x_wconf 90' lang='lat' dir='ltr'><strong>mor·</strong></span> 
     </span>
     <span class='ocr_line' id='line_1_6' title="bbox 90 911 976 1020; baseline -0.003 -22"><span class='ocrx_word' id='word_1_33' title='bbox 90 911 198 999; x_wconf 84' lang='lat' dir='ltr'><strong>tuum</strong></span> <span class='ocrx_word' id='word_1_34' title='bbox 224 923 482 1009; x_wconf 86' lang='lat' dir='ltr'><strong>resuscitasset,</strong></span> <span class='ocrx_word' id='word_1_35' title='bbox 509 923 663 1020; x_wconf 86' lang='lat' dir='ltr'><strong>suspicio</strong></span> <span class='ocrx_word' id='word_1_36' title='bbox 687 927 732 997; x_wconf 86' lang='lat' dir='ltr'><strong>de</strong></span> <span class='ocrx_word' id='word_1_37' title='bbox 752 926 843 998; x_wconf 80' lang='lat' dir='ltr'><strong>facta</strong></span> <span class='ocrx_word' id='word_1_38' title='bbox 865 928 976 997; x_wconf 88' lang='lat' dir='ltr'><strong>collu-</strong></span> 
     </span>
     <span class='ocr_line' id='line_1_7' title="bbox 92 1022 976 1139; baseline -0.005 -23"><span class='ocrx_word' id='word_1_39' title='bbox 92 1042 198 1116; x_wconf 82' lang='lat' dir='ltr'><strong>sione</strong></span> <span class='ocrx_word' id='word_1_40' title='bbox 230 1040 315 1113; x_wconf 90' lang='lat' dir='ltr'><strong>0riri</strong></span> <span class='ocrx_word' id='word_1_41' title='bbox 346 1037 521 1137; x_wconf 87' lang='lat' dir='ltr'><strong>potuisset</strong></span> <span class='ocrx_word' id='word_1_42' title='bbox 534 1071 547 1126; x_wconf 71' lang='lat'><strong>;,</strong></span> <span class='ocrx_word' id='word_1_43' title='bbox 579 1038 647 1112; x_wconf 83' lang='lat' dir='ltr'><strong>nec</strong></span> <span class='ocrx_word' id='word_1_44' title='bbox 680 1022 814 1139; x_wconf 75' lang='lat' dir='ltr'><strong>tantum</strong></span> <span class='ocrx_word' id='word_1_45' title='bbox 852 1041 976 1116; x_wconf 85' lang='lat' dir='ltr'><strong>fuisset</strong></span> 
     </span>
     <span class='ocr_line' id='line_1_8' title="bbox 93 1155 1043 1251; baseline 0.002 -21"><span class='ocrx_word' id='word_1_46' title='bbox 93 1157 303 1233; x_wconf 85' lang='lat' dir='ltr'><strong>miraculum</strong></span> <span class='ocrx_word' id='word_1_47' title='bbox 328 1155 459 1242; x_wconf 86' lang='lat' dir='ltr'><strong>istud,</strong></span> <span class='ocrx_word' id='word_1_48' title='bbox 503 1181 577 1251; x_wconf 88' lang='lat' dir='ltr'><strong>quo</strong></span> <span class='ocrx_word' id='word_1_49' title='bbox 619 1161 731 1232; x_wconf 87' lang='lat' dir='ltr'><strong>veluti</strong></span> <span class='ocrx_word' id='word_1_50' title='bbox 765 1159 975 1233; x_wconf 86' lang='lat' dir='ltr'><strong>coronidem</strong></span> <span class='ocrx_word' id='word_1_51' title='bbox 1041 1243 1043 1249; x_wconf 21' lang='lat'><strong>¹</strong></span> 
     </span>
     <span class='ocr_line' id='line_1_9' title="bbox 92 1272 972 1371; baseline -0.001 -24"><span class='ocrx_word' id='word_1_52' title='bbox 92 1274 282 1371; x_wconf 85' lang='lat' dir='ltr'><strong>imponere</strong></span> <span class='ocrx_word' id='word_1_53' title='bbox 312 1272 457 1347; x_wconf 88' lang='lat' dir='ltr'><strong>volebat</strong></span> <span class='ocrx_word' id='word_1_54' title='bbox 494 1273 625 1344; x_wconf 82' lang='lat' dir='ltr'><strong>caeteris</strong></span> <span class='ocrx_word' id='word_1_55' title='bbox 665 1276 735 1346; x_wconf 89' lang='lat' dir='ltr'><strong>suis</strong></span> <span class='ocrx_word' id='word_1_56' title='bbox 773 1276 972 1362; x_wconf 83' lang='lat' dir='ltr'><strong>miraculis,</strong></span> 
     </span>
    </p>

    <p class='ocr_par' dir='ltr' id='par_1_2' title="bbox 92 1390 1077 1952">
     <span class='ocr_line' id='line_1_10' title="bbox 93 1390 974 1491; baseline -0.001 -26"><span class='ocrx_word' id='word_1_57' title='bbox 93 1419 116 1465; x_wconf 84' lang='lat' dir='ltr'><strong>e</strong></span> <span class='ocrx_word' id='word_1_58' title='bbox 139 1392 269 1487; x_wconf 89' lang='lat' dir='ltr'><strong>quibus</strong></span> <span class='ocrx_word' id='word_1_59' title='bbox 290 1391 360 1462; x_wconf 91' lang='lat' dir='ltr'><strong>hoc</strong></span> <span class='ocrx_word' id='word_1_60' title='bbox 384 1390 543 1463; x_wconf 91' lang='lat' dir='ltr'><strong>omnium</strong></span> <span class='ocrx_word' id='word_1_61' title='bbox 562 1390 755 1465; x_wconf 85' lang='lat' dir='ltr'><strong>maximum</strong></span> <span class='ocrx_word' id='word_1_62' title='bbox 779 1406 974 1491; x_wconf 70' lang='lat' dir='ltr'><strong>erat,&#39;prac·</strong></span> 
     </span>
     <span class='ocr_line' id='line_1_11' title="bbox 92 1507 973 1604; baseline 0.002 -24"><span class='ocrx_word' id='word_1_63' title='bbox 92 1527 148 1581; x_wconf 86' lang='lat' dir='ltr'><strong>ter</strong></span> <span class='ocrx_word' id='word_1_64' title='bbox 174 1508 235 1594; x_wconf 91' lang='lat' dir='ltr'><strong>id,</strong></span> <span class='ocrx_word' id='word_1_65' title='bbox 272 1507 372 1604; x_wconf 76' lang='lat' dir='ltr'><strong>quod</strong></span> <span class='ocrx_word' id='word_1_66' title='bbox 402 1525 486 1603; x_wconf 89' lang='lat' dir='ltr'><strong>post</strong></span> <span class='ocrx_word' id='word_1_67' title='bbox 516 1529 665 1581; x_wconf 90' lang='lat' dir='ltr'><strong>mortem</strong></span> <span class='ocrx_word' id='word_1_68' title='bbox 696 1512 813 1595; x_wconf 82' lang='lat' dir='ltr'><strong>suam,</strong></span> <span class='ocrx_word' id='word_1_69' title='bbox 848 1510 973 1582; x_wconf 87' lang='lat' dir='ltr'><strong>eiiam</strong></span> 
     </span>
     <span class='ocr_line' id='line_1_12' title="bbox 93 1620 974 1724; baseline 0 -28"><span class='ocrx_word' id='word_1_70' title='bbox 93 1624 303 1724; x_wconf 87' lang='lat' dir='ltr'><strong>proximus,</strong></span> <span class='ocrx_word' id='word_1_71' title='bbox 325 1649 361 1695; x_wconf 92' lang='lat' dir='ltr'><strong>se</strong></span> <span class='ocrx_word' id='word_1_72' title='bbox 385 1624 500 1721; x_wconf 91' lang='lat' dir='ltr'><strong>ipsum</strong></span> <span class='ocrx_word' id='word_1_73' title='bbox 528 1620 777 1698; x_wconf 73' lang='lat' dir='ltr'><strong>&#39;resuscitando&#39;</strong></span> <span class='ocrx_word' id='word_1_74' title='bbox 806 1636 889 1721; x_wconf 76' lang='lat' dir='ltr'><strong>post</strong></span> <span class='ocrx_word' id='word_1_75' title='bbox 918 1626 974 1697; x_wconf 88' lang='lat' dir='ltr'><strong>tri-</strong></span> 
     </span>
     <span class='ocr_line' id='line_1_13' title="bbox 95 1741 974 1838; baseline -0.002 -24"><span class='ocrx_word' id='word_1_76' title='bbox 95 1743 232 1827; x_wconf 90' lang='lat' dir='ltr'><strong>duum,</strong></span> <span class='ocrx_word' id='word_1_77' title='bbox 273 1759 347 1811; x_wconf 89' lang='lat' dir='ltr'><strong>erat</strong></span> <span class='ocrx_word' id='word_1_78' title='bbox 378 1761 652 1836; x_wconf 83' lang='lat' dir='ltr'><strong>perpetraturus.</strong></span> <span class='ocrx_word' id='word_1_79' title='bbox 727 1741 871 1838; x_wconf 87' lang='lat' dir='ltr'><strong>Signum</strong></span> <span class='ocrx_word' id='word_1_80' title='bbox 904 1743 974 1812; x_wconf 90' lang='lat' dir='ltr'><strong>hoc</strong></span> 
     </span>
     <span class='ocr_line' id='line_1_14' title="bbox 92 1852 1077 1952; baseline -0.005 -20"><span class='ocrx_word' id='word_1_81' title='bbox 92 1852 373 1945; x_wconf 66' lang='lat' dir='ltr'><strong>sandoniae),</strong></span> <span class='ocrx_word' id='word_1_82' title='bbox 409 1857 509 1952; x_wconf 90' lang='lat' dir='ltr'><strong>quod</strong></span> <span class='ocrx_word' id='word_1_83' title='bbox 537 1858 757 1952; x_wconf 85' lang='lat' dir='ltr'><strong>generationi</strong></span> <span class='ocrx_word' id='word_1_84' title='bbox 784 1857 865 1931; x_wconf 91' lang='lat' dir='ltr'><strong>huic</strong></span> <span class='ocrx_word' id='word_1_85' title='bbox 892 1859 976 1929; x_wconf 89' lang='lat' dir='ltr'><strong>dan·</strong></span> <span class='ocrx_word' id='word_1_86' title='bbox 1074 1886 1077 1893; x_wconf 64' lang='grc'>’</span> 
     </span>
    </p>

    <p class='ocr_par' dir='ltr' id='par_1_3' title="bbox 66 1973 994 3004">
     <span class='ocr_line' id='line_1_15' title="bbox 66 1973 976 2071; baseline 0 -24"><span class='ocrx_word' id='word_1_87' title='bbox 66 1976 183 2047; x_wconf 69' lang='lat' dir='ltr'><strong>‘dum</strong></span> <span class='ocrx_word' id='word_1_88' title='bbox 214 1976 290 2046; x_wconf 83' lang='lat' dir='ltr'><strong>fore</strong></span> <span class='ocrx_word' id='word_1_89' title='bbox 323 1973 554 2070; x_wconf 76' lang='lat' dir='ltr'><strong>praedixerat,</strong></span> <span class='ocrx_word' id='word_1_90' title='bbox 593 1977 693 2071; x_wconf 90' lang='lat' dir='ltr'><strong>quod</strong></span> <span class='ocrx_word' id='word_1_91' title='bbox 731 1977 816 2047; x_wconf 89' lang='lat' dir='ltr'><strong>dum</strong></span> <span class='ocrx_word' id='word_1_92' title='bbox 852 1975 976 2047; x_wconf 89' lang='lat' dir='ltr'><strong>Petrus</strong></span> 
     </span>
     <span class='ocr_line' id='line_1_16' title="bbox 94 2089 975 2182; baseline -0.002 -18"><span class='ocrx_word' id='word_1_93' title='bbox 94 2091 226 2164; x_wconf 82' lang='lat' dir='ltr'><strong>Judaeis</strong></span> <span class='ocrx_word' id='word_1_94' title='bbox 249 2090 460 2178; x_wconf 84' lang='lat' dir='ltr'><strong>denunciat,</strong></span> <span class='ocrx_word' id='word_1_95' title='bbox 489 2102 607 2162; x_wconf 70' lang='lat' dir='ltr'><strong>circiter</strong></span> <span class='ocrx_word' id='word_1_96' title='bbox 633 2105 698 2163; x_wconf 85' lang='lat' dir='ltr'><strong>tria</strong></span> <span class='ocrx_word' id='word_1_97' title='bbox 720 2102 817 2162; x_wconf 79' lang='lat' dir='ltr'><strong>millia</strong></span> <span class='ocrx_word' id='word_1_98' title='bbox 840 2089 876 2182; x_wconf 76' lang='lat' dir='ltr'><strong>b)</strong></span> <span class='ocrx_word' id='word_1_99' title='bbox 904 2119 975 2165; x_wconf 89' lang='lat' dir='ltr'><strong>cre·</strong></span> 
     </span>
     <span class='ocr_line' id='line_1_17' title="bbox 95 2206 977 2303; baseline 0 -23"><span class='ocrx_word' id='word_1_100' title='bbox 95 2209 227 2280; x_wconf 89' lang='lat' dir='ltr'><strong>didisse</strong></span> <span class='ocrx_word' id='word_1_101' title='bbox 254 2207 291 2277; x_wconf 92' lang='lat' dir='ltr'><strong>in</strong></span> <span class='ocrx_word' id='word_1_102' title='bbox 311 2206 402 2279; x_wconf 62' lang='lat' dir='ltr'><strong>‘actis</strong></span> <span class='ocrx_word' id='word_1_103' title='bbox 431 2207 640 2281; x_wconf 78' lang='lat' dir='ltr'><strong>referuntur.</strong></span> <span class='ocrx_word' id='word_1_104' title='bbox 692 2207 874 2281; x_wconf 90' lang='lat' dir='ltr'><strong>Dicuntur</strong></span> <span class='ocrx_word' id='word_1_105' title='bbox 896 2207 977 2303; x_wconf 66' lang='lat' dir='ltr'><strong>‘qui-</strong></span> 
     </span>
     <span class='ocr_line' id='line_1_18' title="bbox 95 2322 976 2398; baseline 0 -2"><span class='ocrx_word' id='word_1_106' title='bbox 95 2325 179 2396; x_wconf 89' lang='lat' dir='ltr'><strong>dem</strong></span> <span class='ocrx_word' id='word_1_107' title='bbox 205 2323 306 2395; x_wconf 81' lang='lat' dir='ltr'><strong>etiam</strong></span> <span class='ocrx_word' id='word_1_108' title='bbox 336 2324 436 2396; x_wconf 87' lang='lat' dir='ltr'><strong>multi</strong></span> <span class='ocrx_word' id='word_1_109' title='bbox 461 2322 665 2395; x_wconf 85' lang='lat' dir='ltr'><strong>Judaeorum</strong></span> <span class='ocrx_word' id='word_1_110' title='bbox 695 2326 741 2396; x_wconf 88' lang='lat' dir='ltr'><strong>ad</strong></span> <span class='ocrx_word' id='word_1_111' title='bbox 767 2326 976 2398; x_wconf 84' lang='lat' dir='ltr'><strong>miraculum</strong></span> 
     </span>
     <span class='ocr_line' id='line_1_19' title="bbox 94 2431 977 2536; baseline -0.003 -23"><span class='ocrx_word' id='word_1_112' title='bbox 94 2440 291 2514; x_wconf 89' lang='lat' dir='ltr'><strong>resuscitati</strong></span> <span class='ocrx_word' id='word_1_113' title='bbox 318 2431 440 2513; x_wconf 89' lang='lat' dir='ltr'><strong>Lazari</strong></span> <span class='ocrx_word' id='word_1_114' title='bbox 466 2439 659 2519; x_wconf 80' lang='lat' dir='ltr'><strong>credidisse</strong></span> <span class='ocrx_word' id='word_1_115' title='bbox 683 2440 719 2510; x_wconf 88' lang='lat' dir='ltr'><strong>in</strong></span> <span class='ocrx_word' id='word_1_116' title='bbox 743 2467 844 2529; x_wconf 91' lang='lat' dir='ltr'><strong>eum,</strong></span> <span class='ocrx_word' id='word_1_117' title='bbox 872 2467 977 2536; x_wconf 91' lang='lat' dir='ltr'><strong>quos·</strong></span> 
     </span>
     <span class='ocr_line' id='line_1_20' title="bbox 94 2555 977 2659; baseline -0.001 -30"><span class='ocrx_word' id='word_1_118' title='bbox 94 2559 178 2630; x_wconf 91' lang='lat' dir='ltr'><strong>dam</strong></span> <span class='ocrx_word' id='word_1_119' title='bbox 210 2577 328 2659; x_wconf 84' lang='lat' dir='ltr'><strong>autem</strong></span> <span class='ocrx_word' id='word_1_120' title='bbox 360 2582 405 2628; x_wconf 88' lang='lat' dir='ltr'><strong>ex</strong></span> <span class='ocrx_word' id='word_1_121' title='bbox 437 2555 506 2627; x_wconf 84' lang='lat' dir='ltr'><strong>illis</strong></span> <span class='ocrx_word' id='word_1_122' title='bbox 537 2556 598 2650; x_wconf 91' lang='lat' dir='ltr'><strong>qui</strong></span> <span class='ocrx_word' id='word_1_123' title='bbox 634 2557 806 2643; x_wconf 88' lang='lat' dir='ltr'><strong>aderant,</strong></span> <span class='ocrx_word' id='word_1_124' title='bbox 851 2557 977 2628; x_wconf 81' lang='lat' dir='ltr'><strong>abiisse</strong></span> 
     </span>
     <span class='ocr_line' id='line_1_21' title="bbox 94 2669 994 2767; baseline -0.004 -20"><span class='ocrx_word' id='word_1_125' title='bbox 94 2675 143 2747; x_wconf 85' lang='lat' dir='ltr'><strong>ad</strong></span> <span class='ocrx_word' id='word_1_126' title='bbox 169 2673 385 2761; x_wconf 84' lang='lat' dir='ltr'><strong>Pharisaeos,</strong></span> <span class='ocrx_word' id='word_1_127' title='bbox 422 2669 677 2759; x_wconf 52' lang='lat' dir='ltr'><strong>ut‘referrent,</strong></span> <span class='ocrx_word' id='word_1_128' title='bbox 712 2697 788 2767; x_wconf 83' lang='lat' dir='ltr'><strong>quae</strong></span> <span class='ocrx_word' id='word_1_129' title='bbox 815 2673 899 2744; x_wconf 84' lang='lat' dir='ltr'><strong>fecit</strong></span> <span class='ocrx_word' id='word_1_130' title='bbox 925 2673 994 2743; x_wconf 75' lang='lat' dir='ltr'><strong>de·-</strong></span> 
     </span>
     <span class='ocr_line' id='line_1_22' title="bbox 94 2788 978 2890; baseline 0.002 -27"><span class='ocrx_word' id='word_1_131' title='bbox 94 2817 156 2865; x_wconf 91' lang='lat' dir='ltr'><strong>sus</strong></span> <span class='ocrx_word' id='word_1_132' title='bbox 171 2801 188 2875; x_wconf 80' lang='lat'><strong>;&#39;</strong></span> <span class='ocrx_word' id='word_1_133' title='bbox 207 2790 268 2861; x_wconf 82' lang='lat' dir='ltr'><strong>fed</strong></span> <span class='ocrx_word' id='word_1_134' title='bbox 291 2790 376 2886; x_wconf 93' lang='lat' dir='ltr'><strong>quid</strong></span> <span class='ocrx_word' id='word_1_135' title='bbox 402 2788 488 2861; x_wconf 82' lang='lat' dir='ltr'><strong>inde</strong></span> <span class='ocrx_word' id='word_1_136' title='bbox 515 2789 648 2862; x_wconf 86' lang='lat' dir='ltr'><strong>factum</strong></span> <span class='ocrx_word' id='word_1_137' title='bbox 675 2789 738 2878; x_wconf 87' lang='lat' dir='ltr'><strong>stt,</strong></span> <span class='ocrx_word' id='word_1_138' title='bbox 766 2790 880 2890; x_wconf 90' lang='lat' dir='ltr'><strong>capite</strong></span> <span class='ocrx_word' id='word_1_139' title='bbox 908 2790 978 2865; x_wconf 79' lang='lat' dir='ltr'><strong>iam</strong></span> 
     </span>
     <span class='ocr_line' id='line_1_23' title="bbox 94 2907 476 3004; baseline -0.013 -22"><span class='ocrx_word' id='word_1_140' title='bbox 94 2907 258 3004; x_wconf 76' lang='lat' dir='ltr'><strong>sequenti</strong></span> <span class='ocrx_word' id='word_1_141' title='bbox 284 2907 476 2980; x_wconf 91' lang='lat' dir='ltr'><strong>videamus.</strong></span> 
     </span>
    </p>
   </div>
   <div class='ocr_carea' id='block_1_2' title="bbox 131 3047 734 3143">
    <p class='ocr_par' dir='ltr' id='par_1_4' title="bbox 131 3047 734 3143">
     <span class='ocr_line' id='line_1_24' title="bbox 131 3047 734 3143; baseline 0 -15"><span class='ocrx_word' id='word_1_142' title='bbox 131 3071 165 3143; x_wconf 83' lang='lat' dir='ltr'><strong>a)</strong></span> <span class='ocrx_word' id='word_1_143' title='bbox 182 3075 246 3131; x_wconf 83' lang='lat' dir='ltr'><strong>Luc.</strong></span> <span class='ocrx_word' id='word_1_144' title='bbox 271 3071 327 3127; x_wconf 85' lang='lat' dir='ltr'><strong>XI.</strong></span> <span class='ocrx_word' id='word_1_145' title='bbox 347 3088 392 3138; x_wconf 85' lang='lat'><strong>29.</strong></span> <span class='ocrx_word' id='word_1_146' title='bbox 496 3047 527 3140; x_wconf 74' lang='lat' dir='ltr'><strong>b)</strong></span> <span class='ocrx_word' id='word_1_147' title='bbox 546 3073 607 3128; x_wconf 80' lang='lat' dir='ltr'><strong>Act.</strong></span> <span class='ocrx_word' id='word_1_148' title='bbox 625 3072 670 3128; x_wconf 88' lang='lat' dir='ltr'><strong>II.</strong></span> <span class='ocrx_word' id='word_1_149' title='bbox 689 3088 734 3140; x_wconf 84' lang='lat'><strong>41.</strong></span> 
     </span>
    </p>
   </div>
   <div class='ocr_carea' id='block_1_3' title="bbox 0 0 1231 4566">
    <p class='ocr_par' dir='ltr' id='par_1_5' title="bbox 0 0 1231 4566">
     <span class='ocr_line' id='line_1_25' title="bbox 0 0 1231 4566; baseline 0 0"><span class='ocrx_word' id='word_1_150' title='bbox 0 0 1231 4566; x_wconf 95' lang='lat' dir='ltr'><strong> </strong></span> 
     </span>
    </p>
   </div>
  </div>
 </body>
</html>
