2438 4566
572 347 801 359 -ι

164 346 168 356 ·
257 312 326 398 156

111 450 227 524 Coruo
247 469 341 549 pedet
369 487 458 530 meos·
534 465 602 525 OIeo
632 477 726 545 caput
759 484 858 526 meum
888 484 948 528 non
983 457 1113 532 unxisti?
1149 502 1152 535 l

65 585 70 607 ‘
130 575 204 646 MK.
251 585 310 644 lraec
332 597 435 645 autem
460 595 611 663 unquento
632 585 724 642 unxit
741 583 831 662 pedes
852 602 944 646 meos.
1003 586 1112 667 Propter

97 693 335 785 qurod
354 701 419 760 dico
446 698 526 759 tior:
555 680 765 760 Remittentur
790 704 817 761 ei
838 714 974 783 peccata
1001 704 1088 774 niodo
1101 747 1110 781 ‚

251 820 395 907 quoniam
419 815 531 877 dilexit
554 797 696 882 multum,

323 1039 386 1111 Illa
407 1037 482 1135 ipsa
505 1038 658 1110 creditur
683 1040 760 1110 hoec
782 1039 928 1128 mulier,
957 1067 1035 1138 quae
1057 1069 1109 1139 po·

248 1178 321 1237 rtea
346 1159 512 1253 plorans,
540 1166 644 1251 atque
679 1157 806 1228 eodem
840 1145 974 1230 amore
996 1159 1108 1232 confla·

151 1325 153 1328 >
246 1299 352 1370 grans
379 1293 520 1344 mortuo
547 1295 582 1342 et
606 1273 745 1367 sepulto
774 1273 927 1345 Christo
946 1296 1017 1346 tam
1048 1300 1110 1372 per·

238 1371 448 1464 'severante'r
470 1389 513 1462 ad
540 1410 808 1461 monumentum
838 1388 959 1465 stabat.
1012 1392 1109 1484 „Qut

158 1507 161 1515 ’
246 1507 285 1580 in
310 1535 352 1579 re·
367 1507 590 1604 pensandum
615 1524 686 1592 est,
714 1532 793 1578 cum
819 1506 849 1577 S.
873 1507 1052 1602 Gregorio
1072 1513 1113 1579 lo·

178 1642 186 1663 ‘
245 1621 418 1721 quaro),
444 1622 548 1695 huius
565 1623 718 1696 mulieris
741 1644 894 1696 mentem
919 1625 1111 1718 quantavis

245 1742 375 1814 amoris
394 1740 620 1824 accenderat,
648 1763 724 1834 quae
746 1765 766 1811 a
791 1742 1026 1814 monumento
1044 1740 1110 1813 Do

244 1859 331 1930 mini
357 1857 459 1928 etiam
488 1855 666 1950 discipulis
694 1857 940 1929 recedentibus
962 1884 1047 1942 non
1074 1885 1114 1929 re·

244 1974 405 2049 cedebat.
448 1971 669 2068 Exquirebat
694 1997 799 2066 quem
824 2000 899 2045 non
924 1973 1111 2059 invenerat,

188 2132 191 2143 f
242 2087 354 2163 flebat
377 2089 613 2187 inquirendo,
650 2106 685 2159 et
710 2089 835 2162 amoris
859 2089 909 2161 sui
927 2090 1020 2186 ,igne
1050 2093 1114 2163 fuc-

244 2235 369 2293 censa,
398 2206 489 2291 eius,
516 2224 621 2300 quem
648 2207 801 2279 ablatum
826 2208 996 2299 credidit,
1024 2213 1114 2301 arde3

241 2328 304 2398 bat
327 2324 513 2397 desiderio.
564 2322 672 2396 Unde
695 2325 858 2420 contigit,
885 2347 924 2403 ut
946 2354 1030 2399 eum
1049 2330 1114 2399 sola

242 2460 328 2516 t‘unc
347 2441 501 2528 rideret,
529 2466 608 2537 quae
631 2443 816 2528 remansit,
844 2463 883 2514 ut
904 2445 1113 2538 quaereret.⁸‘

244 2560 325 2636 Nec
346 2561 417 2631 hoc
441 2560 577 2645 solum,
604 2541 727 2631 verum
753 2559 855 2631 etiam
877 2560 992 2654 prima
1010 2586 1115 2642 resur·

190 2667 196 2681 ⁸
239 2677 405 2750 rectionis
426 2677 546 2747 nuntia
564 2702 583 2746 a
601 2676 745 2780 Christo
767 2677 810 2746 ad
829 2681 1014 2772 apostolos
1035 2703 1114 2774 apo

239 2797 330 2866 stola
357 2792 446 2862 mitti
477 2792 582 2884 digua
611 2793 677 2862 fuit
702 2791 742 2860 iis
773 2793 1022 2867 consulatione
1049 2798 1114 2892 ple·

239 2910 294 2980 nis
321 2906 455 2990 verbis,
483 2926 561 3000 quae
587 2930 768 3001 nunquam
796 2908 867 2982 sine
897 2912 1009 2994 extasi
1036 2937 1114 3008 qua·

239 3025 319 3096 dam
343 3020 469 3093 mentis
496 3019 608 3094 audiri
625 3025 805 3098 debeant:
834 3022 971 3098 Ascendo
993 3018 1038 3113 rid
1057 3040 1113 3099 Po·

237 3158 315 3218 trem
342 3168 463 3228 meum,
484 3163 521 3243 ‚et
543 3152 668 3228 Patrem
689 3169 847 3223 vestrum:
876 3153 976 3216 Deum
999 3175 1108 3232 meum,

235 3266 266 3334 et
299 3268 398 3332 Deum
430 3281 577 3339 ‘rastrumq
646 3259 700 3332 Sic
736 3260 839 3332 etiam
873 3286 947 3356 prae
985 3260 1120 3343 coeteris

235 3376 406 3474 apostolis
432 3396 516 3478 post
541 3376 830 3449 resurrectionem
858 3378 954 3449 fuam
980 3382 1109 3477 primus

132 3504 135 3509 ’
233 3496 340 3569 Petro
364 3493 544 3590 apparult3
565 3494 626 3587 qui
648 3519 727 3564 eum
746 3512 798 3564 ter
821 3484 1032 3589 negaverat,
1052 3496 1108 3569 sed

231 3613 344 3684 statim
367 3615 523 3707 lapsum,
550 3611 729 3705 respectus
755 3635 774 3680 a
797 3609 964 3701 Christ0,
995 3640 1106 3688 amare

230 3709 442 3836 defleverat,
472 3748 507 3801 et
535 3726 703 3832 deinceps
733 3726 916 3801 Christum
943 3726 1018 3843 prae
1053 3754 1108 3803 cae·

228 3844 310 3918 teris
329 3845 484 3929 amabat4
508 3845 663 3940 ideoque
682 3847 875 3940 pascendas
899 3838 988 3925 oves
1017 3875 1105 3923 acce·

268 3997 297 4070 a)
313 3996 367 4053 tro.
385 3994 425 4057 11.
443 3995 471 4049 io
485 3994 583 4064 Eonog.
603 3994 678 4073 Hom.
694 3995 786 4053 XXV.
803 3970 962 4062 n.«1.'T.‘I.
982 4016 1010 4074 p.
1031 4014 1100 4075 ¹545·
