2438 4566
70 413 123 520 pit
177 408 352 492 Testante
379 440 495 492 autem
523 421 555 492 S.
577 421 630 492 J0.
657 417 943 518 Chrysostomor
960 424 1074 488 Gerus·

70 536 240 626 „Idcirco
269 538 508 634 Coryphacum
534 539 659 634 cadere
686 538 866 634 permisit,
901 561 940 611 ut
982 540 1057 600 le.·
1131 584 1133 587 ·

70 656 163 728 illum
198 655 471 726 moderatiorem
506 655 689 741 redderet,
724 675 758 727 et
795 656 840 726 ad
873 660 1092 727 ma-Wv
1150 658 1158 665 ‘

70 771 178 844 iorem
229 771 435 869 charitatem
483 769 672 842 induceret
763 783 817 842 Cui
861 785 941 847 enim

70 886 133 979 plus
168 901 331 959 remissum
357 897 487 974 fuerim
526 898 553 958 is
586 889 685 971 magis
702 889 822 972 'diliget
854 884 904 977 a).
920 880 943 926 ‘⁶

77 1000 230 1101 Utroque
272 998 342 1076 hoc
386 995 551 1098 exemplo
587 997 674 1074 nihii
712 1005 827 1101 aptius
866 1030 943 1076 esse

77 1138 209 1217 potest,
239 1122 283 1192 ad
308 1120 585 1215 magnitudinem
615 1119 743 1190 divinae
771 1135 850 1217 erga
875 1147 944 1192 nos
989 1128 993 1133 ’

79 1224 275 1334 peccatores
297 1236 488 1308 clementiae
517 1235 565 1306 ob
592 1239 715 1307 oculos
738 1237 945 1335 ponendam

81 1355 331 1451 erigendosque
353 1380 397 1424 ex
417 1352 627 1448 ipsareatus
651 1353 856 1425 enormitate
877 1354 947 1425 ani·

81 1498 164 1559 mos,
193 1471 222 1542 si
249 1471 281 1540 ei
308 1470 451 1540 effectus
476 1456 690 1564 poenitentiae
716 1469 868 1540 salutaris
894 1497 945 1542 re·

81 1589 271 1685 spondeat,
298 1607 402 1680 atque
430 1583 638 1678 magnitudo
672 1583 869 1656 dilectionis
900 1600 947 1658 et<
1036 1615 1042 1630 ·

82 1707 198 1779 affectu
227 1703 316 1798 grati
343 1730 408 1799 pro
435 1701 538 1774 venia
566 1690 671 1771 animi
687 1727 697 1770 t·
721 1702 811 1793 ‘dum
838 1701 948 1772 cerni·

80 1849 145 1895 mus
177 1822 323 1910 Petrum
354 1838 540 1914 postquam
569 1839 620 1888 ter
650 1837 830 1912 negasset,
866 1807 949 1914 pius
1033 1833 1050 1843 “’

80 1926 200 2012 caeteris
237 1934 416 2006 Christum
447 1956 622 2006 amantem
647 1955 754 2030 caput
777 1935 946 2007 Ecclesiae

79 2054 263 2139 constitui3
285 2054 440 2124 Mariam
458 2054 552 2148 prins
572 2055 799 2147 peccatricem
819 2053 950 2124 exubez

78 2172 219 2250 tantiam
249 2170 376 2259 amoris
403 2187 456 2240 tot
481 2168 686 2240 testimoniis
712 2169 950 2265 comproban-

78 2309 141 2362 tem
171 2289 318 2382 dignam
345 2286 522 2371 habitam,
551 2309 628 2380 quae
653 2284 767 2380 prima
795 2287 950 2358 nonso·

77 2409 142 2478 lum
165 2404 349 2476 Christum
373 2402 510 2473 videret
536 2420 620 2497 post
640 2402 950 2488 resurrectionem,

78 2548 196 2595 verum
239 2520 340 2592 etia-m
382 2517 601 2606 laetissimum
641 2515 745 2587 nobis
785 2517 952 2588 omni-bus

79 2639 207 2710 Christi
239 2635 404 2708 fidelibus
436 2631 629 2718 nuntium,
658 2658 695 2703 se
725 2619 953 2733 ascensrirum

79 2757 120 2826 ad
136 2756 279 2827 Patrem
298 2755 396 2855 suurn
415 2772 450 2822 et
468 2750 606 2833 Patrem
626 2732 808 2835 nostrum,
829 2748 953 2821 Deum

79 2873 172 2944 suum
207 2890 244 2942 et
277 2868 398 2939 Deum
437 2888 596 2940 nostrum
630 2866 819 2962 (quaeest
848 2866 955 2949 unica
1002 2919 1007 2931 ,

82 2988 153 3082 spes
175 3007 320 3071 nostra,
347 2985 568 3078 maximaque
591 2979 778 3078 dignatio)
801 2983 954 3055 deferret

82 3099 508 3191 fratribus‚cohaeredibus
529 3100 609 3170 vitae
632 3115 769 3170 aeternae
789 3098 826 3168 in
844 3101 953 3188 coelis,

84 3245 150 3314 quo
181 3221 279 3318 ipse,
318 3212 446 3314 parare
475 3215 578 3289 nobis
607 3207 749 3302 locum,
777 3213 954 3300 iamerat

85 3337 275 3430 praeiturus.
988 3334 996 3345 “

121 3521 249 3600 esrom.
273 3502 420 3586 rxrxrr
440 3516 629 3587 ramanae.
652 3533 678 3587 4
695 3496 824 3587 ‘aare'
842 3531 867 3588 ρ.
892 3521 954 3584 ru.
