2438 4566
258 291 332 357 304
582 303 816 315 ““““-““

114 419 228 482 CAPUT
259 429 414 511 loquimur
444 431 523 489 iuter
549 427 728 507 perfector:
757 424 952 507 sapientiam
980 446 1056 493 vero
1081 448 1160 517 nort,⁴

91 538 245 599 LxXXVI·
260 544 487 623 luriussaculi,
514 563 608 625 neque
627 546 803 623 principum
827 544 921 607 liuius
932 540 1129 631 fisculiflqui
1157 540 1160 583 ³

97 655 239 713 “V‘'
260 663 459 724 destruuntur
465 693 477 735 ,·
490 658 552 735 seri
569 661 724 741 loquimur
745 658 803 719 Dei
811 659 1011 741 sapientiam
1028 668 1061 726 iu
1078 684 1129 745 my-

31 3748 47 3783 ¹)

24 4088 131 4280 ἱ,

259 784 375 855 sterio,
401 796 464 860 que
490 777 668 839 abscondita
695 788 739 837 est
749 807 763 850 ,-
800 765 845 838 de
872 795 946 863 qua
977 770 1126 843 nimirum
1157 774 1160 835 ζ

260 887 419 957 Christus
450 897 594 955 exultans
627 893 746 972 Spiritu
766 892 882 971 saneto
918 884 980 976 a),
1014 889 1126 984 gratias
1157 883 1160 965 ff

257 1003 330 1098 agit
355 1000 451 1071 Patri
478 1011 562 1091 qrrod
585 1010 771 1070 abscondisti
799 1011 858 1070 laec
882 1030 904 1071 α
920 1012 1125 1095 sapientibus,

256 1143 287 1192 et
305 1127 531 1208 prudentibus,
558 1136 589 1186 et
610 1127 756 1187 revelasti
779 1144 817 1187 ra
832 1130 993 1209 parvulis.

307 1350 409 1423 Dum
425 1371 626 1422 nasceretur
639 1349 800 1423 Christus
812 1350 933 1439 lesu5‚
951 1372 1123 1450 antequam

257 1495 360 1542 nsum
376 1470 505 1564 linguae
518 1469 681 1554 haberet,
695 1469 762 1538 iam
779 1469 920 1555 habuit,
932 1473 1032 1566 quod
1045 1472 1124 1543 exrrl·

257 1606 349 1658 taret
363 1585 492 1682 Spiritu
510 1588 650 1669 sancte,
668 1585 731 1655 ubi
745 1585 951 1681 mysterium
966 1589 1122 1661 adventus

256 1704 308 1776 fui
326 1703 391 1775 fuit
408 1701 667 1774 manifestatum
686 1701 834 1773 rudibus
853 1705 1067 1799 pastoribus,
1082 1699 1123 1775 uti

256 1841 384 1917 postea
406 1817 618 1916 simplicibus
638 1818 896 1914 piscatoribus,
924 1848 999 1893 non
1021 1802 1138 1893 scribis¹

257 1958 293 2008 et
311 1935 491 2007 Pharisaeis
511 1955 571 2007 aut
588 1936 660 2008 aliis
678 1934 896 2031 sapientibus
912 1956 948 2009 et
961 1936 1123 2035 prudenti·

257 2053 323 2125 bus
340 2053 406 2126 fnit
423 2057 629 2125 revelatum.
658 2053 763 2139 „Ubi
777 2055 943 2150 pulchre,
963 2073 1003 2126 ut
1019 2054 1121 2127 obser·

254 2194 318 2242 vat
336 2172 381 2241 V.
405 2170 503 2240 Beda
520 2167 577 2258 Is),
598 2171 813 2268 sapientibus
833 2192 866 2243 et
886 2171 1122 2267 prudentibus,

254 2313 331 2359 non
350 2286 555 2383 insipientes
575 2307 610 2360 et
628 2288 790 2374 hebetes,
811 2290 871 2360 led
889 2293 1076 2384 parvulos,
1091 2284 1120 2357 id

254 2425 326 2493 est,
348 2404 496 2477 humiles
512 2404 700 2502 opposuit,
720 2425 760 2477 nt
779 2405 949 2502 probaret
967 2434 1005 2479 se
1025 2426 1121 2479 turno·

253 2550 328 2595 rem
344 2525 545 2607 damnasse,
565 2549 640 2593 non
655 2548 814 2594 acumen.
826 2527 848 2560 “
873 2524 922 2594 Et
936 2522 1119 2620 Theopby·

254 2646 382 2713 lactus:
407 2638 644 2725 „Occultavit
658 2661 792 2726 autem,
811 2640 927 2734 inquit
940 2639 994 2731 c),
1012 2658 1119 2737 myste·

252 2759 345 2829 rium
365 2756 469 2827 Deus
488 2756 532 2826 ab
551 2756 627 2838 bis,
647 2755 707 2848 qui
725 2756 890 2828 videntur
909 2784 986 2830 esse
1004 2758 1119 2852 sapien·

251 2892 324 2942 tes:
352 2899 424 2941 non
448 2891 486 2940 ut
508 2868 689 2956 invidens,
712 2875 771 2941 vel
792 2891 833 2942 ut
853 2895 978 2946 auctor
998 2869 1117 2970 imperi·

250 2988 325 3074 tire,
352 2988 413 3058 sed
435 2986 536 3071 ideo,
564 2987 665 3081 quod
687 3014 762 3058 non
784 2994 884 3061 ciant
911 2991 1009 3086 digni
1027 3014 1115 3086 prop

248 3126 303 3177 ter
320 3105 409 3191 boc,
428 3105 527 3199 quod
547 3105 609 3176 fibi
625 3105 813 3177 videantur
832 3134 907 3180 esse
923 3102 1113 3205 sapientes.“
1146 3182 1151 3187 ,

249 3223 407 3294 Primum
435 3225 505 3293 hoe
532 3242 606 3308 est,
633 3249 707 3318 quo
736 3224 904 3295 Clemens
929 3228 1035 3298 Alex.
1059 3222 1113 3294 Pas·
1154 3245 1160 3352 ὲ

250 3341 555 3445 ἀῆὲοςυιηβυιιιη
582 3341 749 3412 informat
776 3340 816 3411 L.
843 3341 870 3410 I.
897 3367 926 3412 c.
957 3366 989 3431 5,
1014 3343 1057 3413 fic
1075 3338 1113 3408 iu·
1144 3355 1160 3809 l

244 3456 405 3529 scribens
424 3416 479 3544 rib:
509 3457 653 3549 „Quod
677 3483 818 3543 omnes,
842 3459 965 3553 quiin
985 3457 1112 3531 veritate

248 3595 454 3657 versantur,
475 3574 540 3643 sint
559 3575 655 3669 apud
675 3573 797 3646 Deum
816 3575 972 3671 pueri;“
993 3589 1110 3649 etmox

133 3736 137 3741 -
251 3693 401 3787 sequens
422 3687 474 3781 e):
499 3690 715 3778 „Adversus
735 3718 815 3779 eos,
840 3692 902 3788 qui
920 3693 1109 3767 existimant
1156 3742 1160 3781 ς

295 3875 325 3948 a>
338 3875 400 3935 zue.
420 3875 454 3929 rr.
469 3892 510 3931 21.
569 3873 919 3945 maritabatur.
940 3878 971 3938 r.
985 3876 1104 3945 nuru·
1140 3854 1158 4021 Γ

336 3959 551 4032 &institutum
565 3959 615 4021 XI.
633 3960 733 4032 mr.
747 3976 788 4031 55.
843 3963 963 4037 (Op-84
1012 3956 1104 4035 t)'!·9¹‘

1123 4042 1160 4512 l
