2438 4566
568 304 805 319 ³-—

242 291 317 359 274

100 426 215 490 Carus
242 418 432 518 sperabant
448 413 579 503 ludaei,
602 413 871 490 restituendum.
917 412 1005 491 Nec
1021 414 1116 497 etiam
1141 472 1145 491 .

100 543 216 601 LXXX·
244 566 291 611 ex
316 540 447 609 latente
470 535 540 605 iam
567 558 633 629 per
658 534 780 606 laecula
806 530 844 603 in
867 532 1028 609 obscuro
1050 534 1112 611 Da·

86 654 335 729 vvvvidis
360 651 488 725 familia
508 648 546 720 in
574 648 818 745 frequentibus
842 668 932 723 tunc
954 651 1115 727 seditiosis
1142 690 1145 709 ·

241 770 450 847 tumultibus
477 785 600 839 contra
628 766 837 841 Romanum
868 766 1018 865 iugum,
1038 796 1113 869 pro·
1140 776 1145 844 j

243 890 349 961 diisse
392 884 588 980 aliquando
631 884 821 979 quisquam
862 884 1021 981 legitur,
1058 888 1112 985 qui

244 1004 407 1079 amissum
432 1002 523 1088 iam,
558 997 662 1072 toties
685 998 723 1070 in
749 1000 858 1098 stirpe
883 998 1012 1076 David
1031 1002 1112 1077 resti·

243 1140 358 1194 tutum
378 1116 418 1190 iri
436 1116 666 1213 promissum,
684 1134 845 1213 tuncque
861 1117 983 1192 ablato
999 1144 1020 1191 a
1034 1120 1112 1194 luda

241 1240 385 1332 sceptro
404 1233 553 1306 omniuo
577 1233 857 1327 praestolandum
880 1260 1032 1331 regnum
1049 1235 1112 1309 Da·

242 1352 308 1427 vid
331 1352 518 1424 affectaret.
570 1348 653 1421 Nisi
675 1349 767 1422 forte
789 1351 862 1423 huc
884 1352 1000 1451 accipi
1019 1378 1111 1453 posse
1136 1384 1146 1428 r

242 1469 431 1555 videatur,
466 1467 566 1564 quod
590 1467 713 1538 fratres
740 1465 815 1541 eius
841 1469 880 1541 in
911 1468 1053 1545 Galilaea
1072 1469 1113 1543 ab

245 1615 292 1661 eo
319 1604 502 1685 peterent,
538 1602 578 1655 ut
606 1581 768 1655 transiret
792 1584 903 1679 hinc,
941 1607 977 1663 et
1005 1587 1042 1661 in
1066 1586 1112 1661 Ju-

247 1707 360 1778 daeam
383 1701 554 1775 vaderet:
581 1725 722 1772 causam
745 1699 934 1793 adiiciunt,
962 1728 999 1777 ut
1016 1728 1047 1779 tt
1062 1714 1111 1775 dr·
1135 1736 1147 1779 ·.

247 1832 341 1913 cipuli
375 1830 424 1890 tui
452 1827 583 1889 uideant
612 1844 707 1907 opera
736 1838 793 1887 tuo
805 1874 817 1906 ‚
854 1846 919 1912 quae
940 1830 1030 1910 facis
1055 1814 1111 1911 a),
1134 1826 1147 1861 ’-

245 1940 344 2033 signa
374 1933 538 2007 nimirum
569 1952 605 2005 et
633 1933 823 2031 prodigia,
862 1935 995 2032 quibus
1027 1935 1113 2011 chri-

244 2076 320 2128 stus
340 2052 484 2151 quidem
506 2051 710 2124 missionem
731 2053 829 2124 luam
851 2055 1113 2152 comprobabat,

245 2175 308 2246 led
328 2176 436 2266 louge
455 2168 696 2241 sublimiorem
719 2195 761 2241 ac
783 2168 962 2262 divinam,
984 2174 1031 2247 ad
1052 2196 1114 2267 reg·
1134 2204 1148 2221 ··

248 2278 335 2362 mim
359 2289 481 2373 suum,
510 2285 610 2381 quod
635 2286 892 2361 constituturus
915 2308 1007 2379 erat,
1033 2310 1140 2365 aeter·-

247 2434 356 2493 num,
380 2404 479 2477 cuius
500 2430 575 2475 non
596 2422 688 2475 esset
707 2402 809 2494 finis,
831 2404 889 2478 hic
908 2405 946 2479 in
968 2404 1115 2481 Ecclesia

247 2524 420 2596 militante
456 2521 737 2618 auspicandum,
778 2532 1148 2621 perennaturumquei

246 2641 284 2713 in
306 2638 466 2712 Ecclesia
488 2637 727 2735 triumphante
747 2638 786 2711 in
806 2640 916 2713 coelis.
969 2642 1024 2717 Sic
1043 2664 1115 2715 cum

245 2757 401 2829 loannes
433 2756 587 2827 audisset
613 2757 650 2828 in
679 2756 830 2832 vinculis
856 2786 970 2858 opera
995 2754 1115 2833 Christi
1137 2799 1141 2809 ·

245 2874 389 2945 mittens
416 2871 606 2967 discipulos
629 2875 710 2946 suos
735 2875 781 2946 ad
802 2876 1047 2953 sciscitandum
1061 2870 1113 2965 b)=
1142 2948 1149 2957 .

250 2997 297 3059 Tu
314 3017 363 3074 es,
390 3001 444 3079 qui
466 3009 616 3059 venturus
637 3019 687 3077 es,
714 3019 756 3062 aa
776 3003 875 3064 alitam
891 2997 1115 3087 exspectamus?
1143 3032 1149 3071 ,-

247 3115 437 3196 Respondeas
458 3115 548 3185 Jestts
569 3119 617 3176 ait
633 3118 712 3178 illis:
734 3119 866 3198 autres,
890 3117 1116 3193 renuntianda·
1139 3132 1149 3173 2·

244 3236 336 3308 anui,
354 3250 417 3313 quae
430 3234 557 3295 vidistis
570 3245 600 3295 et
618 3236 759 3297 audistis.
791 3237 862 3297 caci
874 3239 1007 3317 vident,
1024 3230 1113 3301 claudi
1136 3272 1139 3277 ·

243 3347 427 3423 ambulant,
465 3350 576 3429 leprosi
606 3354 816 3431 mundantur,
841 3351 938 3432 studi
971 3355 1112 3427 audium.

243 3467 359 3528 mortui
381 3477 562 3544 resurgunt,
584 3485 739 3548 palustres
762 3473 1026 3546 evangelizantur.
1075 3464 1110 3529 Et
1144 3520 1150 3531 .

241 3587 349 3648 litatus
375 3593 437 3657 est,
465 3582 520 3663 qui
548 3600 608 3644 uon
624 3584 730 3662 fuerit
741 3584 984 3665 scandalizatus
1005 3590 1038 3649 iu
1058 3596 1105 3645 int·

243 3690 401 3760 Additur
430 3688 518 3762 Luc.
544 3689 626 3761 VII.
661 3718 718 3767 21.
755 3705 793 3766 In
820 3707 891 3786 ipsa
921 3700 1104 3768 aritemlura

242 3817 355 3877 multos
378 3821 504 3878 curauit
529 3836 550 3880 u
575 3819 789 3899 languoribus,
817 3834 848 3884 et
866 3823 992 3917 plagis,
1015 3810 1100 3899 ttspl'·
1141 3854 1151 3927 ,3

282 3954 312 4031 a)
333 3955 379 4022 [ο.
407 3956 474 4019 VII.
499 3971 524 4027 3.
549 3968 597 4014 stc.
690 3960 721 4038 l)
743 3962 844 4026 Muta.
869 3963 923 4022 XI.
945 3979 973 4027 ἐ.
