2438 4566
621 318 852 338 ιιι-...ψ-

297 309 369 374 370

157 437 271 499 creua
299 461 372 508 non
397 430 601 518 necessitas,
623 431 682 502 led
703 434 878 503 voluntas.
890 432 914 469 “
961 427 1027 506 Ad
1049 431 1084 507 S.
1105 433 1179 520 Cle·

165 554 266 610 xctx.
297 551 423 624 mentis
454 551 479 622 Ι.
507 550 537 619 S.
561 548 654 618 Petri
682 547 718 617 in
748 549 913 651 Romana
939 551 1028 623 sede
1051 553 1179 626 succes·

140 669 385 742 storis
415 667 576 762 epistolas
606 685 802 759 provocat,
839 665 875 736 in
905 666 1041 762 quibus
1072 697 1177 756 „om-

298 812 380 858 nem
408 809 506 880 ptene
534 784 731 854 sermonem
762 783 861 852 [uum
893 783 938 854 de
969 783 1173 880 virginitatit

297 901 446 1000 puritate
469 898 670 968 contexit.“
721 896 821 989 Quas
841 898 942 971 etiarn
966 900 1000 971 S.
1021 903 1174 999 Epipha·

295 1019 376 1091 nius
400 1016 531 1087 Haeres.
557 1014 686 1087 XXX.-
709 1033 742 1084 η.
773 1036 826 1102 15.
851 1034 976 1110 aperte
999 1017 1173 1114 designat,

292 1137 380 1206 'dum
402 1132 506 1202 refert
531 1127 563 1204 S.
588 1129 811 1203 Clementem
836 1133 904 1217 „in
929 1132 1096 1228 epistolis
1119 1135 1175 1208 cir·

295 1249 491 1334 cularibus,
519 1272 598 1342 qnae
624 1247 660 1317 in
686 1247 912 1320 sacrosanctis
939 1250 1114 1324 Ecclesiis
1133 1255 1173 1324 le·

290 1383 448 1462 guntur,
485 1364 677 1436 Ebionaeos
704 1359 819 1438 modis
855 1366 1025 1460 omnibus
1053 1369 1171 1441 redas·

289 1483 422 1579 'gnisse
481 1482 642 1566 Etenim,
670 1482 805 1569 subdit,
831 1482 1073 1578 virginitatem
1100 1486 1170 1582 ipse

292 1602 444 1685 edocet,
472 1620 516 1670 et·
532 1596 586 1669 isti
613 1598 809 1693 repudiant.
821 1602 843 1636 “
909 1599 1084 1675 Prostant
1106 1602 1173 1699 epi·

293 1721 391 1790 stolae
425 1717 479 1787 hae
515 1715 546 1785 S.
586 1709 780 1787 Clementis
814 1711 853 1805 n)
888 1736 1011 1789 nostra
1052 1717 1170 1791 iterum

294 1856 395 1907 aetate
418 1833 458 1904 in
487 1835 600 1903 lucem
626 1852 810 1929 protractae
839 1832 885 1904 de
913 1833 1167 1909 continentium

286 1951 328 2021 in
361 1949 726 2046 Ecclesia-primitiva
754 1948 864 2042 statu:
900 1968 940 2022 ut
970 1958 1166 2048 apostolum

273 2090 523 2166 praeteream,
551 2066 650 2138 cuius
677 2085 750 2138 erat
776 2060 1052 2143 celebratissima
1079 2068 1169 2143 disci·

286 2189 380 2281 ¹pula
407 2182 508 2278 virgo
541 2203 576 2254 et
601 2204 733 2279 martyr
762 2182 802 2254 B.
829 2183 970 2257 Thecla
996 2185 1059 2276 h);
1088 2185 1168 2258 eius·

289 2326 360 2396 que
386 2301 528 2371 nomine
556 2300 652 2394 apud
677 2299 708 2369 S.
734 2298 971 2372 Methodiur'n
993 2302 1030 2373 in
1056 2302 1167 2376 convi-

288 2421 351 2491 vio
386 2419 508 2488 decem
529 2417 718 2512 ¹virginum
751 2433 804 2486 est
832 2416 967 2488 caeteris
997 2419 1165 2514 prolixior

285 2533 402 2607 'oratio
428 2531 527 2603 Vlll.
558 2533 771 2629 panegyrica
799 2533 843 2604 de
871 2531 1087 2628 virginitate.
1134 2534 1163 2606 S.

285 2653 458 2736 Theclae,
489 2651 522 2720 in
548 2676 619 2745 qua
640 2649 798 2722 Ecclesia
823 2650 977 2722 celebrat
1001 2651 1164 2748 primitias

284 2787 480 2863 martyrum
512 2766 547 2836 in
577 2768 661 2838 sexu
692 2767 876 2853 muliebri,
914 2768 997 2840 licet
1023 2768 1163 2865 iungere

244 2906 248 2915 ·
280 2883 320 2954 ·S.
342 2882 494 2978 Philippi
515 2882 669 2978 apostoli
688 2883 793 2969 filias,
818 2908 964 2978 quarum
987 2886 1069 2958 duae
1089 2885 1164 2958 Hie·

279 2999 420 3097 ⁴rapoli‚
448 3017 534 3071 teste
563 2997 815 3096 Polycratein
843 2999 942 3096 epist.
971 3002 1017 3073 ad
1049 3003 1161 3097 Victo·
1206 2980 1210 3075 l

286 3145 360 3190 rem
387 3116 425 3187 Ρ.
452 3117 550 3213 apud
575 3115 771 3188 Eusebium
797 3114 834 3186 in
859 3113 1063 3210 virginitate
1088 3145 1160 3203 con·

288 3255 511 3305 senescentes
533 3259 612 3305 curn
632 3254 731 3328 patre
750 3229 890 3328 sepultae
912 3232 995 3307 lunt
1017 3233 1076 3326 c),
1102 3257 1159 3311 terae

284 3353 332 3423 tia
353 3350 501 3444 Ephesi,
531 3351 592 3421 ubi
614 3350 823 3446 spiritualem
850 3351 1031 3445 quandam
1056 3352 1154 3424 vitam

283 3457 412 3550 ‹luxit3
451 3464 610 3538 diversus
641 3485 693 3539 est
726 3467 783 3538 hic
809 3465 996 3563 Philippus
1028 3468 1074 3540 ab
1098 3494 1154 3554 eo,

281 3585 343 3678 qui
373 3584 454 3654 Act.
486 3581 591 3653 XXI.
621 3591 654 3659 8.
685 3605 836 3656 vocatur
863 3595 1076 3672 evangelista,
1108 3595 1154 3678 pur·

280 3722 349 3773 erat
377 3727 454 3770 nnus
478 3721 516 3770 ex
531 3706 654 3807 stptem
674 3702 817 3772 'diaconis
841 3726 935 3796 quos
960 3691 1055 3775 inter
1080 3701 1151 3775 Act

317 3892 347 3963 a)
370 3895 401 3947 T.
421 3893 446 3947 I.
468 3893 536 3948 Bibl.
553 3894 610 3949 PP.
631 3898 679 3954 Ed.
700 3899 801 3954 Veneta
816 3911 843 3968 p.
863 3914 923 3955 111.
962 3855 964 3858 -
995 3897 1025 3970 la)
1048 3903 1080 3958 T.
1097 3898 1149 3958 111.

348 3964 416 4018 Bibl.
436 3964 493 4017 PP.
509 3977 537 4033 p.
558 3979 619 4059 ω.
691 3965 719 4036 c)
739 3969 809 4025 Ilist.
829 3967 900 4045 Eecl.
917 3970 976 4024 Lib.
994 3971 1056 4028 III.
1074 3990 1096 4027 c.
1112 3983 1148 4038 31.

1162 4114 1205 4279 l

1189 4292 1212 4493 l
