2438 4566
303 298 349 366 5²
935 348 939 353 .

152 417 267 479 CAPUT
297 432 440 512 stmilobo
465 453 534 497 eum
558 435 631 494 viro
644 430 809 513 sapienti,
847 432 903 515 qni
930 431 1097 511 edificavit
1124 436 1197 524 do·¹

131 541 290 597 ΧΧΧἯΗ·
306 572 390 614 mum
412 550 510 632 suam
533 548 638 630 strpra
664 560 791 630 petram
825 562 883 612 etc.
946 539 1175 637 subiungitur

138 638 281 716 “W
303 685 389 732 mox
413 659 459 730 ad
476 677 643 729 terrorem
670 675 705 728 et
730 659 901 728 cautelam
928 676 1108 731 nostram:
1134 669 1174 732 Et

45 755 48 762 Ι
298 772 420 862 omnis,
445 786 500 866 qai
525 783 617 845 credit
639 783 734 845 verba
758 801 828 844 meo
851 783 932 861 liae,
959 795 990 845 et
1015 803 1077 846 non
1087 771 1177 864 facit

299 922 359 982 ea,
386 898 530 978 fimilobo
552 917 620 962 earn
637 901 708 961 viro
719 895 843 976 sindo,
866 903 921 982 qui
937 898 1105 977 edificavit
1123 902 1174 963 do·

298 1039 381 1083 mam
397 1017 495 1097 suom
513 1014 612 1096 fitper
635 1032 770 1078 arenam.
845 1014 1009 1079 Descendit
1030 1020 1173 1103 plavia,

295 1147 444 1198 venerunt
483 1135 649 1210 flamina,
696 1137 858 1207 flaverant
896 1135 1007 1211 venti,
1059 1146 1093 1196 et
1133 1138 1171 1196 ir-

296 1262 424 1314 ruerunt
443 1253 476 1312 in
497 1249 620 1310 domm
640 1247 748 1326 itam,
775 1262 805 1311 et
825 1251 957 1329 cecidit,
981 1249 1098 1335 etfait
1113 1253 1171 1311 rui·

294 1386 337 1431 na
365 1369 448 1429 illius
472 1383 594 1442 magna
646 1354 701 1427 Sic
726 1376 944 1453 praeparatos
969 1357 1093 1429 animo
1118 1383 1170 1429 ac·

295 1477 423 1550 cedere
473 1493 619 1571 oportet
667 1472 714 1544 ad
763 1472 953 1546 lectionem
1001 1473 1176 1552 sermonis

300 1590 436 1664 Christi
463 1589 500 1662 in
526 1607 650 1662 monte
677 1588 847 1685 (inquo
873 1591 1068 1665 secundum
1093 1619 1171 1688 pru·

299 1708 455 1782 dentiam
490 1706 594 1779 huius
632 1706 749 1779 sarculi
781 1732 858 1778 non
891 1706 958 1778 nisi
989 1710 1171 1805 paradoxa

296 1819 553 1923 proferuntur)
593 1844 630 1892 ut
658 1833 722 1892 iam
751 1850 811 1894 non
826 1829 924 1910 fimas
942 1836 1077 1914 parvuli
1096 1841 1170 1912 flnc-

296 1963 441 2026 tuantes,
479 1962 510 2012 et
533 1948 782 2026 circumferamur
806 1954 888 2011 omni
911 1962 1005 2012 vento
1029 1951 1169 2013 doctrina

295 2070 329 2130 in
353 2068 495 2148 nequitia
518 2065 696 2141 lrorninam,
722 2067 754 2125 in
777 2069 898 2128 astutia
919 2068 965 2128 od
983 2069 1168 2130 circumven-

298 2172 533 2267 tionem³erroris
553 2167 604 2261 a).
644 2171 745 2264 Quid
758 2171 828 2243 hoc
842 2169 899 2258 stt,
917 2177 1101 2269 apostolus
1115 2172 1170 2246 ali-

295 2289 334 2360 bi
371 2287 473 2359 etiam
507 2313 554 2360 ex
588 2287 756 2361 vaticinio
789 2288 886 2360 isaiae
920 2289 1076 2374 declarat
1103 2288 1169 2380 h):

294 2415 448 2498 Scriptum
478 2427 524 2477 est
551 2414 655 2491 enim‚·
682 2415 814 2496 perdam
832 2413 1026 2496 sapientiam
1044 2417 1169 2501 sapien·

294 2538 372 2597 tiam
381 2565 392 2608 ,·
420 2544 451 2594 et
462 2533 661 2613 prudentiam
672 2533 873 2613 prudentiam
890 2535 1066 2613 reprobabo.
1116 2534 1170 2595 Ubi

283 2649 445 2730 sopiens?
510 2649 566 2710 Uoi
577 2647 719 2729 firiba?
783 2649 840 2710 Ubi
863 2651 1050 2739 conquisitor
1079 2649 1169 2712 haias

282 2765 420 2845 saculi?
473 2766 577 2826 Nonne
602 2762 735 2840 stultam
755 2763 839 2843 fecit
867 2763 951 2826 Deus
972 2761 1170 2846 sapientiam

292 2882 384 2943 tutos
401 2880 533 2941 mnndi?
583 2870 698 2962 Quod
720 2870 765 2942 de
788 2896 825 2942 se
845 2896 933 2945 mox
950 2891 1167 2970 contestatur

293 2990 479 3084 apostolus
506 2985 700 3059 Corinthiis
726 2987 769 3060 ΙΙ.
805 3014 835 3060 1.
866 2986 1005 3062 venisse
1032 2990 1080 3060 ad
1108 3014 1169 3063 eos

290 3135 350 3176 non
377 3117 409 3176 in
424 3111 621 3190 sublimitate
634 3113 809 3192 sermonis,
843 3127 900 3176 aut
914 3111 1103 3196 sapientia,
1130 3105 1189 3176 id

275 3221 453 3294 ·Christus
474 3220 653 3306 ostendit,
681 3219 766 3293 dum
789 3222 894 3293 rudes
915 3221 1111 3317 piscatores
1129 3222 1164 3292 in

291 3340 474 3436 apostolos
504 3336 636 3432 elegit:
673 3357 709 3408 et
740 3337 824 3410 dum
850 3351 987 3451 aperiens
1013 3368 1050 3410 os
1070 3349 1165 3428 snum

184 3458 187 3463 ’
288 3467 416 3528 docetur
437 3479 503 3525 cos:
524 3474 603 3525 ante
626 3453 747 3525 omnia
766 3474 1008 3549 paupertatem
1029 3455 1166 3552 spiritus

289 3591 330 3643 ut
357 3595 443 3644 mox
467 3568 691 3658 videbimus,
725 3570 920 3659 edocebat,
951 3571 1040 3644 mira
1065 3599 1167 3646 exor-

289 3687 338 3759 dii
373 3687 477 3759 huius
511 3686 680 3761 sermonis
715 3689 954 3761 consensione
987 3714 1025 3761 ac
1056 3689 1166 3776 finis,

328 3869 361 3946 a)
384 3867 447 3935 Est.
472 3811 523 3930 td.
551 3887 592 3935 ta.
698 3871 728 3945 t)
749 3872 812 3928 lsai.
838 3869 976 3936 texta·
997 3888 1040 3946 ¹4·
1100 3873 1165 3932 nrt

376 3952 540 4014 XXXIII·
565 3965 605 4016 rt.
627 3965 652 4010 er
673 3957 698 4018 l.
726 3957 780 4018 tor.
804 3957 828 4018 1.
854 3970 896 4024 19.
