2594 4672
317 353 319 360 ·
368 331 414 403 ss
688 303 920 374 Μ

215 475 329 538 0⁵⁹1st
439 474 520 552 Nec
547 475 674 566 refert,
702 473 802 576 quod
827 473 874 551 ad
903 465 1067 552 octauam
1093 471 1251 550 beatituss

179 654 184 661 .
207 593 341 650 Xfflx·
364 597 485 669 dinem
503 597 644 686 solum,
670 595 820 693 perinde
842 596 946 668 acad
971 597 1139 725 primam,
1166 621 1251 690 rega

204 711 346 770 “V“
362 740 448 786 num
479 717 650 787 coelorum
672 713 910 810 promittitur;
943 738 1030 787 mox
1055 712 1156 785 eninr
1178 711 1258 808 qui·

361 827 627 962 persecutiones
654 827 836 928 patiuntur
861 851 1011 928 propter
1038 829 1249 917 Christum,

361 951 516 1049 gaudere
537 968 572 1021 et
575 922 745 1021 exultare
762 947 929 1020 iubentur
937 959 1112 1042 ,quoniam
1131 975 1250 1019 merces

361 1091 468 1141 uestra
492 1073 715 1138 multaticia
739 1076 828 1138 calis.
896 1064 958 1137 De
990 1064 1124 1137 caeteris
1149 1063 1246 1144 item

360 1181 639 1311 beatitudinibus
670 1181 832 1256 laudatus
865 1180 897 1254 S.
935 1182 1244 1280 Chrysostomus:

361 1301 458 1390 „Tu
480 1326 586 1387 vero,
611 1297 728 1395 inquit
750 1296 809 1389 a),
835 1296 900 1371 etsi
923 1321 998 1372 non
1021 1299 1069 1372 ad
1089 1297 1246 1392 singulas

359 1418 597 1492 beatitudines
618 1441 768 1518 regnum
790 1415 866 1490 dari
887 1413 1027 1504 audias,
1051 1441 1096 1487 ne
1117 1415 1243 1487 animo

360 1529 515 1607 deficias.
565 1533 711 1606 Etiamsi
735 1533 828 1606 enim
850 1534 995 1631 praemia
1013 1530 1156 1606 diverso
1178 1557 1246 1628 ap·

361 1653 470 1750 pellet
505 1649 673 1738 nomine,
708 1669 826 1723 tamen
859 1674 984 1723 omnes
1015 1649 1061 1720 ad
1088 1673 1245 1745 regnum

360 1768 566 1842 introducit.
618 1759 712 1838 Nam
738 1789 818 1840 cum
841 1767 944 1856 dicit,
970 1769 1246 1863 lugentescon·

360 1885 595 1971 solationem,
628 1898 663 1956 et
687 1882 935 1958 misericordes
962 1883 1246 1957 misericordiam

360 2019 646 2098 consequentur,
680 2020 716 2074 et
745 2001 870 2074 'rnun'di
898 2001 1008 2074 corde
1038 1993 1161 2073 Deum
1187 2000 1246 2072 vi-

360 2105 518 2207 debunt,
557 2138 591 2191 et
625 2110 762 2215 pacifici
792 2119 854 2190 filii
884 2111 959 2190 Dei
987 2116 1242 2204 vocabuntur,

293 2225 296 2236 ’
359 2235 446 2308 nihil
478 2233 573 2308 aliud
600 2260 664 2331 per
689 2233 766 2308 hac·
798 2234 918 2309 omnia
947 2233 1102 2320 indicat,
1130 2259 1243 2329 quam

357 2369 507 2450 regnum
533 2355 726 2438 coelorum3
767 2351 828 2448 qui
851 2351 945 2424 enim
971 2349 1025 2422 his
1050 2349 1242 2439 fruuntur,
1274 2433 1275 2438 ἵ

356 2470 395 2543 id
407 2461 680 2565 'corrsequentur
699 2469 861 2541 omnino.
904 2467 963 2540 Ne
982 2466 1087 2564 igitur
1102 2491 1242 2566 'Interce-

289 2653 291 2658 .
357 2585 439 2660 dem
465 2587 559 2660 illam
586 2605 688 2682 putes
713 2587 758 2658 ad
785 2588 879 2658 solos
904 2605 1080 2683 pauperes
1114 2582 1243 2680 spiritu

327 2721 330 2728 ·
356 2696 554 2803 pertinere,
578 2702 638 2774 sed
659 2702 827 2774 etiamad
847 2701 1038 2774 esurientes
1058 2701 1239 2789 iustitiam,

357 2819 404 2892 ad
425 2820 543 2904 mites,
571 2819 667 2890 etad
686 2815 772 2889 alios
790 2837 925 2889 omnes.
977 2817 1068 2891 Ideo
1085 2817 1178 2890 enim
1197 2815 1243 2890 iri

355 2933 498 3031 singulis
521 2927 777 3004 beatitudinem
799 2921 988 3029 apposuit,
1013 2954 1054 3007 ut
1078 2961 1125 3006 ne
1145 2931 1243 3030 quid

352 3049 516 3126 sensibile
547 3068 741 3147 exspectes.
785 3031 788 3039 ¹
817 3050 949 3148 Neq'ue
982 3051 1075 3124 enim
1107 3045 1242 3122 beatus

287 3159 291 3170 ’
356 3169 420 3241 erit
443 3164 521 3255 ille,
549 3168 611 3263 qui
634 3160 675 3240 iis
700 3167 952 3256 coronabitur,
981 3167 1119 3265 quaein
1145 3190 1240 3264 prae·

354 3285 444 3360 senti
467 3285 540 3358 ‘vita
567 3285 831 3374 dissolvuntur,
867 3301 901 3358 et
931 3285 1056 3358 umbra
1085 3282 1241 3357 celerius

351 3404 664 3502 pt·aetetcurrunt.“
715 3402 846 3498 Neque
868 3427 956 3476 vero
985 3404 1061 3475 hae‘c
1084 3397 1125 3472 iis
1148 3424 1241 3476 oon-

351 3521 457 3594 traria
481 3515 558 3614 quis
583 3517 780 3607 existimet,
808 3537 887 3615 quae
916 3536 1004 3611 mox
1030 3537 1075 3590 ex
1105 3519 1239 3592 eadem

352 3633 497 3709 homilia
519 3621 695 3707 attulimus
715 3629 760 3706 de
783 3629 943 3722 mitibus,
970 3634 1100 3731 quibus
1121 3617 1239 3732 possi-

352 3753 472 3825 denda
489 3763 580 3824 terra
596 3769 648 3824 est
664 3753 847 3849 proini'ss‘a.
875 3752 986 3841 „Haec
1003 3770 1113 3848 porro
1132 3750 1241 3844 dicit,¹

349 3868 450 3943 addit
465 3863 520 3955 b),
541 3869 665 3941 nonin
678 3869 911 3968 praesentibus
925 3867 1067 3966 praemia
1084 3868 1234 3942 circum·

394 4020 425 4095 a)
446 4020 526 4076 Num.
551 4032 575 4084 ς.
598 4031 625 4090 p.
651 4027 709 4087 190.
813 4019 843 4101 b)
867 4020 951 4084 Num.
975 4031 1002 4093 2.
1019 4024 1047 4092 p·
1072 4023 1134 4090 189·
