2438 4566
296 296 378 376 ‘384
625 265 858 344 ''U-...¹¹²⁶

160 441 276 509 §taur
303 442 419 510 lucem
439 432 677 520 funerantur,
713 451 792 530 'quae
818 436 855 506 in
880 435 1040 511 eun'dem
1068 442 1182 514 locutu

103 639 104 642 Ἴ
193 565 239 619 CI.
305 554 337 625 8.
358 554 600 649 Hieronymus
619 549 954 641 commentatura):
991 554 1183 630 Deexemz

148 674 365 768 Wplo
408 669 582 754 naturali,
630 668 732 763 quod
775 668 936 763 quotidie
981 673 1180 761 cernimus5

298 787 437 859 Christi
462 784 664 891 instruimur
690 785 920 858 sacramento.
983 788 1129 886 Aquilae
1150 813 1180 867 et

302 908 461 978 vultures
486 901 590 972 etiam
614 902 840 972 transmaria
868 903 1040 977 dicuntur
1062 909 1178 981 sentire

184 1049 187 1055 ·
302 1023 495 1104 cadavera,
523 1038 559 1090 et
583 1018 628 1089 ad
654 1043 768 1089 escam
800 1018 1012 1093 huiusmodi
1043 1046 1179 1121 congre·

301 1138 386 1234 gari.
436 1136 473 1206 Si
501 1154 587 1229 ergo
615 1134 870 1208 irrationabiles
895 1141 1069 1214 volucres
1091 1162 1180 1216 natu·

301 1253 365 1325 rali
391 1254 494 1324 sensu
521 1251 624 1324 tantis
651 1272 820 1355 terrarum
844 1254 984 1349 spatiis,
1025 1277 1063 1330 et
1083 1255 1176 1330 maris

179 1355 183 1362 ²
297 1369 466 1442 fluctibus
502 1370 691 1465 separatae5
736 1394 884 1464 parvum
919 1371 1077 1446 cadaver
1110 1377 1173 1447 sen·

296 1488 414 1576 tium,
449 1486 511 1559 ubi
540 1486 670 1559 iaceat:
704 1506 841 1581 quanto
869 1487 980 1583 magis
1005 1491 1054 1560 ad
1081 1517 1173 1577 eum»,

298 1598 398 1677 euius
421 1600 540 1699 fulgur
563 1601 636 1674 exit
663 1602 707 1674 ab
735 1602 903 1691 Oriente,
936 1625 972 1676 et
1000 1627 1105 1702 paret
1128 1633 1174 1680 us·

255 1762 257 1767 ·
297 1730 369 1817 que
391 1721 436 1792 ad
458 1718 722 1791 Occidentem?
748 1705 952 1792 Possumus·
969 1742 1088 1795 autem
1107 1749 1172 1796 cor·

295 1863 387 1936 pus,
415 1836 450 1906 id
479 1855 553 1922 est,
579 1833 711 1932 πτῶμα
735 1837 834 1932 quod
863 1837 1116 1932 significantius
1132 1844 1171 1912 la·-

294 1954 369 2026 tine
391 1952 518 2024 dicitur
543 1951 694 2024 cadaver
714 1952 760 2024 ab
783 1977 847 2040 eo,
875 1953 976 2048 quod
1002 1981 1069 2051 per
1091 1981 1169 2028 mor·-

294 2089 366 2144 tem
395 2070 520 2156 cadat,
557 2068 757 2166 passionem
792 2069 924 2142 Christi
957 2070 1169 2169 intelligere,

294 2188 340 2258 nd
372 2209 475 2283 quam
508 2211 775 2282 provocamur:
811 2208 850 2259 ut
889 2176 1169 2286 ubicumque'in

293 2302 471 2399 scripturis
498 2304 649 2398 legitur,
677 2328 960 2400 congregemur4
989 2327 1026 2378 et
1053 2333 1114 2404 per
1136 2305 1168 2377 il·

292 2422 362 2517 lam
393 2419 515 2493 v'enire
545 2419 721 2516 possimus
755 2421 799 2492 ad
828 2419 979 2492 verbum
1011 2421 1109 2512 Dei,
1133 2440 1168 2495 ut

292 2555 327 2609 et
348 2536 458 2608 illud:
478 2545 628 2624 foderunt
649 2564 759 2606 manus
779 2563 887 2624 meas,
914 2558 945 2609 et
961 2549 1059 2627 pedes
1080 2560 1166 2612 meos.
1209 2552 1211 2593 ⁵

291 2654 341 2729 Et
369 2654 404 2724 in
435 2653 544 2724 Isaia:
573 2661 666 2723 -Sicut
690 2665 760 2724 ovis
784 2663 828 2724 ad
850 2653 1013 2725 uictimam
1041 2667 1166 2738 ducttttf

291 2788 328 2841 et
349 2789 469 2841 caetera
492 2769 546 2841 his
569 2768 697 2847 similia.
740 2766 892 2864 'Aquilae
915 2789 1034 2842 autem
1058 2773 1166 2870 appel·

288 2889 406 2957 lantur
426 2886 551 2972 sancti,
579 2885 707 2981 quibus
728 2883 900 2957 innovata
924 2907 978 2958 est
1003 2887 1163 2962 iuventus
1209 2980 1211 2987 Ι

285 3021 327 3074 ut
352 2998 498 3096 aquilae:
527 3023 561 3075 et
582 3001 644 3098 qui
663 3001 762 3075 iuxta
783 3002 905 3074 isaiam
933 3006 1162 3099 plumescunt

286 3139 324 3191 et
360 3142 542 3194 assumunt
574 3124 666 3207 aias,
706 3138 746 3192 ut
779 3119 823 3192 ad
861 3119 995 3193 Christi
1025 3122 1162 3195 veniant

288 3236 501 3334 passionem.
517 3241 539 3275 “
590 3237 622 3308 8.
648 3229 864 3310 Ambrosius
889 3238 1110 3312 enarratione
1128 3236 1159 3309 in

288 3352 416 3429 Psaim.
443 3353 613 3424 XLVIII.
638 3380 673 3425 n.
700 3378 757 3442 23.
785 3354 871 3450 legit
896 3358 981 3427 loco
1008 3353 1159 3454 corporis

286 3468 649 3554 seucadaverisruinu.
677 3469 778 3543 Audi
790 3464 1156 3568 dicentem‚inquitb)‚

287 3602 341 3663 uhi
363 3600 476 3675 ruina,
502 3596 545 3658 ibi
570 3607 601 3657 et
626 3598 759 3678 aquilae,·
785 3588 823 3658 id
852 3606 925 3674 est,
952 3587 1021 3683 ubi,
1043 3589 1155 3670 ruina,

287 3703 338 3779 ibi
366 3726 401 3777 et
429 3701 646 3778 resurrectio.
699 3703 822 3776 Ruina
849 3728 961 3776 vacua
995 3700 1154 3776 firmitatis

183 3843 186 3847 ’
286 3841 362 3896 est:
412 3823 621 3895 resurrectio
654 3820 841 3917 plenitudo
871 3819 1022 3894 vivendi
1063 3816 1154 3893 est.“

320 3964 353 4040 a)
365 3967 422 4032 Lib.
432 3967 488 4024 IV.
500 3959 638 4026 talmatii.
654 3969 687 4026 T.
700 3955 753 4026 IV.
764 3981 791 4040 pi
804 3961 864 4025 1161
934 3963 967 4041 b)
984 3968 1055 4045 zl.
1064 3982 1091 4041 p.
1102 3973 1151 4035 953.-
