2438 4566
121 445 308 514 0³er
448 438 751 528 CAPUT
807 433 967 528 LXV.

104 619 800 745 Aweosrononum
846 562 1172 719 srntetuxi

506 745 910 818 rnuoeurrn

268 917 361 1000 Ecce
389 942 462 1018 ego
491 918 599 995 mitto
628 942 696 993 vos
725 917 813 995 ficut
842 940 930 993 oves
957 919 993 994 in
1025 918 1134 996 medio

323 1048 512 1149 luporum.
584 1044 700 1122 Estote
730 1064 814 1140 ergo
847 1045 1036 1141 prudentes
1057 1046 1134 1138 ficut

313 1174 522 1273 serpentes,
565 1185 600 1250 et
629 1171 801 1273 fimpltces
837 1177 931 1269 ficut
971 1165 1131 1257 iouente.
1164 1208 1168 1219 ’

165 1373 172 1390 .
264 1350 268 1355 ·
323 1300 537 1394 Mettux.
568 1313 627 1378 16.

138 571 220 626 va.

823 1474 948 1489 *-

99 1635 242 1695 Prudentia
267 1549 409 1694 Dum
433 1618 519 1692 dicit
538 1617 659 1692 Christ
646 1639 701 1692 tus
723 1617 864 1691 miitere
889 1645 926 1692 se
952 1618 1135 1716 discipulos

77 1720 237 1871 femeffin'
267 1742 348 1813 suos
372 1739 460 1810 ficut
481 1761 584 1821 ov‚es
611 1738 712 1807 suum
735 1736 837 1808 tacite
856 1736 1012 1809 insinuat
1032 1763 1136 1808 exem·

89 1822 237 1957 {liternum
266 1858 386 1952 plum,
414 1852 475 1948 qui
497 1840 664 1946 tanquam
686 1852 765 1925 ovis
788 1853 914 1925 ductus
939 1875 991 1926 est
1010 1855 1055 1924 ad
1077 1852 1137 1924 vic·

89 1972 199 2044 ⁶⁰¹1t¹¹¹·
266 1973 386 2044 timam
427 1962 687 2041 demonstratus
726 1996 745 2040 a
785 1969 921 2041 Joanne
965 1971 1135 2067 baptista

100 2053 170 2112 hm
266 2102 391 2174 Agnus,
419 2100 473 2179 qui
496 2095 578 2156 tollit
592 2107 756 2175 peccatum
777 2097 899 2170 mundi,
928 2089 1029 2181 quod
1056 2104 1139 2158 astu·

265 2227 312 2302 tra
339 2203 536 2301 serpentina
565 2201 603 2272 in
633 2203 811 2299 paradyso
842 2205 980 2275 mundo
1013 2203 1138 2306 illatum

264 2342 317 2394 est
343 2318 393 2411 a).
459 2319 577 2412 Quam
603 2340 655 2391 est
681 2320 754 2391 haec
783 2319 1001 2393 admirabilis
1028 2346 1137 2394 rerum

196 2491 197 2494 =
262 2439 479 2525 conversio,
518 2435 775 2534 dispositioque
813 2419 960 2525 divina,
1003 2458 1042 2511 ut
1077 2437 1156 2509 illis*

263 2583 355 2653 quos
384 2556 547 2627 Christus
574 2555 668 2626 misit
693 2556 737 2627 ed
764 2554 999 2650 Evangelium
1025 2554 1137 2651 gratie

260 2673 488 2767 salutarisque
514 2673 697 2745 medicinae
729 2672 1017 2767 praedicandum,
1063 2698 1140 2745 con·

137 2794 141 2804 “
254 2810 313 2860 tra
335 2792 517 2860 mortalem
537 2788 707 2883 serpentis
728 2787 836 2858 ictum
856 2788 1137 2885 p‘raescriberetur

257 2902 429 2999 serpentis
454 2902 642 2998 prudentia
667 2903 728 2974 sed
755 2929 836 2976 cum
863 2920 1137 3003 temperamento

258 3019 486 3115 srmplicitatis
523 3019 738 3094 columbinae
770 3022 971 3094 coniuncta.
1037 3007 1140 3095 ¹Estote

256 3123 404 3237 φρᾶνιμω
422 3148 589 3229 prudentes
617 3165 692 3211 non
719 3138 906 3212 calliditate
929 3141 992 3212 feu
1018 3139 1139 3212 astutia

254 3257 481 3352 serpentum,
517 3277 547 3327 et
568 3261 724 3347 stmpli'ces
747 3243 894 3353 ἀκέραιοι
918 3257 1062 3346 sinceri,
1092 3257 1139 3328 in·

255 3373 386 3460 noeui,
414 3399 434 3444 a
457 3365 544 3444 dolo
566 3391 602 3445 et
621 3375 744 3447 fraude
771 3374 965 3445 immunes:
994 3374 1043 3447 ita
1061 3400 1138 3471 pru-

211 3481 215 3497 '
254 3492 401 3576 dentes,
428 3511 468 3562 ut
495 3489 541 3560 ab
567 3489 642 3572 aliis
674 3517 749 3567 non
774 3489 1050 3589 fallamiuinita
1066 3492 1140 3564 srm-

251 3610 384 3703 plices,
421 3626 460 3679 ut
482 3631 550 3680 vos
579 3631 654 3677 non
680 3606 830 3695 fallatis,
863 3608 924 3680 feu
949 3630 1062 3705 prout
1084 3608 1133 3682 D.

251 3725 381 3797 Paulus
401 3723 560 3828 instruit:
587 3733 660 3794 Volo
676 3733 900 3815 oossapicutes
917 3753 981 3799 esre
1000 3740 1136 3815 inbono,

251 3865 280 3915 et
304 3847 456 3930 firnplices
486 3853 518 3910 in
549 3829 632 3914 mulo
660 3837 708 3928 b).
787 3841 1134 3940 Temperamentum

291 3994 320 4069 a)
347 3992 408 4048 Get.
432 3987 489 4050 111.
518 4005 543 4045 1.
631 3997 632 4000 ’
663 3989 693 4072 b)
713 3993 787 4058 Rem.
814 3993 894 4056 XVI.
921 4009 964 4061 19.
