2438 4566
303 297 373 364 ,30
623 258 857 319 Ε

154 420 269 485 CAPUT
298 424 411 499 Arcta
433 398 563 497 ludaeis
585 445 660 492 non
682 416 859 516 sapiebat,
886 441 957 491 nec
982 442 1112 493 eorum
1131 420 1189 495 ex·¹

170 545 246 599 ΗΠ·
299 542 509 641 spectationi
529 537 768 633 congruebat,
794 535 874 623 viu,
899 558 1008 631 quam
1031 537 1082 610 eis
1103 560 1186 637 pree-

141 660 420 781 Vffsertim
451 657 490 728 in
517 658 680 727 sermone
713 652 856 755 hocin
885 674 1041 744 monte,
1080 676 1182 754 atque

301 777 436 871 reliqua
470 772 656 859 doctrina,
698 769 845 867 ipsaque
880 771 1096 847 conditione
1127 776 1182 849 fue

298 917 458 993 paupere
478 910 513 962 et
527 890 670 985 *abiecte
691 889 914 961 monstrabat
931 889 970 960 in
990 890 1067 963 hoc
1087 918 1177 967 mun·
1215 888 1217 893 ’

299 1013 374 1097 do,
411 1006 648 1105 praesentique
679 1004 774 1092 vita,
814 1005 878 1077 ubi
907 1004 958 1077 illi
992 1033 1015 1078 a
1045 1007 1177 1083 Messie

297 1124 548 1200 instruendum
578 1122 874 1220 praestolabantur
899 1150 1056 1220 regnum
1082 1144 1173 1199 terre·
1214 1178 1217 1203 2

295 1270 406 1328 num,
447 1242 710 1326 detrectantes,
750 1240 852 1334 quod
887 1240 936 1312 eis
971 1242 1173 1338 predicabat

297 1362 463 1433 Christus
484 1368 688 1443 Evangelium
706 1369 809 1443 regni,
832 1383 907 1429 non
924 1359 1031 1433 huius
1051 1358 1173 1447 mnnffi,

297 1480 360 1553 scd
381 1505 446 1576 per
471 1493 690 1549 contemtum
714 1473 819 1546 huius
840 1474 983 1563 mundi,
1010 1476 1174 1553 aeteruiin
1209 1470 1217 1549 ὲ

298 1597 421 1683 coelis,
449 1595 495 1668 dt
512 1610 597 1689 'quo
625 1622 693 1664 cum
722 1602 889 1680 videritis,
916 1595 1058 1692 pergit,
1088 1605 1174 1675 Atra·

299 1726 396 1802 Iram,
424 1735 455 1785 et
483 1722 595 1796 Isaac,
622 1731 653 1781 et
676 1719 796 1797 Jacob,
825 1729 855 1781 et
885 1740 987 1784 omnes
1016 1723 1206 1813 Prophetas}

298 1845 333 1906 in
359 1858 449 1915 regno
471 1837 550 1913 Dei,
575 1854 632 1896 vor
660 1847 765 1897 certem
790 1837 902 1927 expelli
916 1839 1022 1917 foras.
1074 1806 1116 1903 Ei
1132 1856 1176 1903 ot-

299 1961 383 2020 nient
407 1955 446 2018 ab
473 1954 612 2030 Oriente,
640 1964 671 2014 ct
700 1952 881 2033 Occidente,
910 1967 941 2016 et
960 1956 1129 2039 Aquilone,
1149 1964 1177 2019 et
1192 2000 1202 2019 ‚2

300 2076 441 2150 Austro,
476 2083 507 2134 et
530 2069 706 2133 accumbent
732 2072 765 2132 in
794 2090 885 2148 regno
912 2072 981 2136 Dei.
1052 2075 1097 2139 Ee
1122 2072 1201 2137 ecte.¹

288 2191 371 2273 sunt
390 2190 570 2266 nouissimi,
599 2192 654 2271 qut
675 2201 765 2252 erunt
779 2193 898 2272 primi,
925 2201 957 2253 et
972 2189 1054 2273 fluet
1069 2193 1178 2277 primi,

298 2312 354 2392 qui
380 2319 469 2372 erunt
495 2308 666 2370 nouissimi.
731 2359 735 2363 .
1155 2322 1161 2329 ·
1189 2294 1192 2299 ’

379 2533 472 2628 Ques
497 2533 610 2621 verba
637 2532 741 2608 etiarn
765 2526 901 2608 Matth.
926 2500 1038 2605 XIX.¹
1063 2557 1121 2623 30.
1143 2554 1202 2607 ac

302 2650 422 2726 Marc.
447 2652 495 2722 X,
520 2677 578 2739 31⁴
602 2655 770 2748 leguntur
792 2654 837 2722 de
859 2651 951 2740 illis,
979 2651 1043 2748 qui
1065 2676 1183 2749 angus·

299 2786 373 2839 tam
399 2788 539 2862 portum
565 2769 657 2840 hanc
682 2766 833 2864 propius
862 2769 1036 2865 attingere
1063 2770 1181 2843 relicto

300 2872 439 2955 mundo
458 2883 627 2953 censendi
643 2884 739 2971 sunt,
761 2911 842 2957 cum
862 2886 923 2960 sua
943 2886 1067 2960 omnia
1082 2912 1184 2987 prop·

302 2996 356 3072 ter
381 2996 562 3071 Christum
586 3021 621 3073 et
641 3003 880 3100 Evangelium
904 3002 1132 3100 reliquerint,
1152 3020 1185 3077 et

218 3154 222 3167 ι
302 3128 400 3189 multo
412 3128 511 3209 plura
527 3118 767 3193 Luc..XVlIl.
785 3146 842 3209 go.
861 3140 921 3194 aut
938 3135 1052 3195 centies
1066 3142 1189 3196 emtum

211 3259 218 3275 ·
300 3235 421 3310 Marc.
449 3237 497 3306 X.
529 3260 587 3323 30.
617 3238 795 3333 recipiunt
819 3252 853 3318 in
876 3249 933 3310 lroc
958 3250 1219 3341 tempore,'lnes

300 3352 483 3451 praesentis
507 3353 587 3426 vitae
613 3354 720 3427 bonis
749 3356 948 3429 abutantur.
1004 3356 1187 3431 Terribile

302 3490 372 3558 est,
400 3470 500 3567 quod
520 3473 616 3568 apud
636 3474 858 3579 Mutmaeum
878 3493 913 3549 ,et
936 3474 1114 3549 Marcum
1130 3472 1188 3549 ad·
1210 3471 1219 3540 Ῐ

299 3589 395 3661 ditur
423 3587 685 3684 epiphonema:
721 3598 821 3663 Multi
844 3615 949 3664 autem
981 3616 1074 3667 erunt
1090 3600 1191 3687 peiuri

301 3719 485 3793 novissimi,
521 3729 551 3780 et
577 3721 738 3781 novissimi
760 3723 884 3808 primi,
922 3711 967 3781 de
997 3711 1091 3800 illis,
1127 3704 1217 3813 qui„

302 3820 431 3893 relictis
454 3825 621 3899 omnibus
642 3827 752 3903 secuti
773 3829 853 3900 sunt
874 3826 1072 3903 Christum.
1124 3818 1217 3901 01ιῖ-

283 3959 411 4017 ‘vernt
436 3937 555 4037 itaque
583 3943 622 4016 hi
656 3949 772 4037 tales,
809 3971 855 4018 ne
882 3946 1067 4046 pensitare
1095 3940 1191 4047 apud
