<?xml version="1.0" encoding="UTF-8"?>
<!DOCTYPE html PUBLIC "-//W3C//DTD XHTML 1.0 Transitional//EN"
    "http://www.w3.org/TR/xhtml1/DTD/xhtml1-transitional.dtd">
<html xmlns="http://www.w3.org/1999/xhtml" xml:lang="en" lang="en">
 <head>
  <title>
</title>
<meta http-equiv="Content-Type" content="text/html;charset=utf-8" />
  <meta name='ocr-system' content='tesseract 3.04.00' />
  <meta name='ocr-capabilities' content='ocr_page ocr_carea ocr_par ocr_line ocrx_word'/>
</head>
<body>
  <div class='ocr_page' id='page_1' title='image "./desublimiinevan02gerbgoog_0364.png"; bbox 0 0 2438 4566; ppageno 0'>
   <div class='ocr_carea' id='block_1_1' title="bbox 292 194 954 381">
    <p class='ocr_par' dir='ltr' id='par_1_1' title="bbox 292 194 954 381">
     <span class='ocr_line' id='line_1_1' title="bbox 764 194 781 233; baseline 0 0"><span class='ocrx_word' id='word_1_1' title='bbox 764 194 781 233; x_wconf 70' lang='grc' dir='ltr'>Ι</span> 
     </span>
     <span class='ocr_line' id='line_1_2' title="bbox 292 296 954 381; baseline -0.002 -17"><span class='ocrx_word' id='word_1_2' title='bbox 292 296 411 381; x_wconf 64' lang='lat'>366-</span> <span class='ocrx_word' id='word_1_3' title='bbox 620 314 954 362; x_wconf 40' lang='lat' dir='ltr'>Q*</span> 
     </span>
    </p>
   </div>
   <div class='ocr_carea' id='block_1_2' title="bbox 144 439 1215 3934">
    <p class='ocr_par' dir='ltr' id='par_1_2' title="bbox 148 439 1183 528">
     <span class='ocr_line' id='line_1_3' title="bbox 148 439 1183 528; baseline 0.005 -13"><span class='ocrx_word' id='word_1_4' title='bbox 148 458 268 521; x_wconf 67' lang='lat' dir='ltr'>crans</span> <span class='ocrx_word' id='word_1_5' title='bbox 298 442 425 515; x_wconf 86' lang='lat' dir='ltr'>Modo</span> <span class='ocrx_word' id='word_1_6' title='bbox 449 441 481 512; x_wconf 85' lang='lat' dir='ltr'>S.</span> <span class='ocrx_word' id='word_1_7' title='bbox 503 440 675 512; x_wconf 67' lang='lat' dir='ltr'>lienteum</span> <span class='ocrx_word' id='word_1_8' title='bbox 698 439 916 528; x_wconf 85' lang='lat' dir='ltr'>audivimus,</span> <span class='ocrx_word' id='word_1_9' title='bbox 945 441 1183 521; x_wconf 83' lang='lat' dir='ltr'>Israelitarum</span> 
     </span>
    </p>

    <p class='ocr_par' dir='ltr' id='par_1_3' title="bbox 146 551 1182 656">
     <span class='ocr_line' id='line_1_4' title="bbox 146 551 1182 656; baseline 0.001 -22"><span class='ocrx_word' id='word_1_10' title='bbox 146 577 275 635; x_wconf 78' lang='lat' dir='ltr'>xcvlll.</span> <span class='ocrx_word' id='word_1_11' title='bbox 298 551 503 655; x_wconf 65' lang='lat' dir='ltr'>eierrrplum</span> <span class='ocrx_word' id='word_1_12' title='bbox 522 562 696 628; x_wconf 57' lang='lat' dir='ltr'>:illucere</span> <span class='ocrx_word' id='word_1_13' title='bbox 722 558 912 653; x_wconf 78' lang='lat' dir='ltr'>lEgyptum</span> <span class='ocrx_word' id='word_1_14' title='bbox 934 560 1182 656; x_wconf 81' lang='lat' dir='ltr'><strong>spoliantium,</strong></span> 
     </span>
    </p>

    <p class='ocr_par' dir='ltr' id='par_1_4' title="bbox 144 675 1215 3934">
     <span class='ocr_line' id='line_1_5' title="bbox 144 675 1184 773; baseline 0.008 -28"><span class='ocrx_word' id='word_1_15' title='bbox 144 696 344 755; x_wconf 54' lang='lat' dir='ltr'>voveat</span> <span class='ocrx_word' id='word_1_16' title='bbox 367 704 440 773; x_wconf 91' lang='lat' dir='ltr'>quo</span> <span class='ocrx_word' id='word_1_17' title='bbox 462 700 548 747; x_wconf 86' lang='lat' dir='ltr'>auro</span> <span class='ocrx_word' id='word_1_18' title='bbox 576 694 610 743; x_wconf 81' lang='lat' dir='ltr'>et</span> <span class='ocrx_word' id='word_1_19' title='bbox 632 698 780 767; x_wconf 83' lang='lat' dir='ltr'>argento</span> <span class='ocrx_word' id='word_1_20' title='bbox 806 675 924 771; x_wconf 85' lang='lat' dir='ltr'>ipsum</span> <span class='ocrx_word' id='word_1_21' title='bbox 946 679 1058 749; x_wconf 87' lang='lat' dir='ltr'>etiam</span> <span class='ocrx_word' id='word_1_22' title='bbox 1082 680 1184 753; x_wconf 86' lang='lat' dir='ltr'>taber·</span> 
     </span>
     <span class='ocr_line' id='line_1_6' title="bbox 299 790 1181 888; baseline 0.003 -22"><span class='ocrx_word' id='word_1_23' title='bbox 299 799 463 867; x_wconf 80' lang='lat' dir='ltr'><strong>naculum</strong></span> <span class='ocrx_word' id='word_1_24' title='bbox 490 790 596 863; x_wconf 85' lang='lat' dir='ltr'>luerit</span> <span class='ocrx_word' id='word_1_25' title='bbox 615 792 765 877; x_wconf 85' lang='lat' dir='ltr'>factum,</span> <span class='ocrx_word' id='word_1_26' title='bbox 795 796 1074 888; x_wconf 86' lang='lat' dir='ltr'>comparatione</span> <span class='ocrx_word' id='word_1_27' title='bbox 1096 796 1181 869; x_wconf 88' lang='lat' dir='ltr'>insti·</span> 
     </span>
     <span class='ocr_line' id='line_1_7' title="bbox 300 890 1181 1002; baseline 0.001 -18"><span class='ocrx_word' id='word_1_28' title='bbox 300 890 375 984; x_wconf 86' lang='lat' dir='ltr'>tuta</span> <span class='ocrx_word' id='word_1_29' title='bbox 396 910 439 981; x_wconf 82' lang='lat' dir='ltr'>ad</span> <span class='ocrx_word' id='word_1_30' title='bbox 464 908 661 994; x_wconf 76' lang='lat' dir='ltr'>bonarda,</span> <span class='ocrx_word' id='word_1_31' title='bbox 688 932 767 1002; x_wconf 86' lang='lat' dir='ltr'>quae</span> <span class='ocrx_word' id='word_1_32' title='bbox 797 909 841 981; x_wconf 87' lang='lat' dir='ltr'>ab</span> <span class='ocrx_word' id='word_1_33' title='bbox 869 910 1061 1000; x_wconf 86' lang='lat' dir='ltr'>Ethnicis,</span> <span class='ocrx_word' id='word_1_34' title='bbox 1088 916 1181 987; x_wconf 84' lang='lat' dir='ltr'>seue</span> 
     </span>
     <span class='ocr_line' id='line_1_8' title="bbox 299 1023 1196 1117; baseline -0.006 -15"><span class='ocrx_word' id='word_1_35' title='bbox 299 1031 426 1102; x_wconf 85' lang='lat' dir='ltr'>laeculo</span> <span class='ocrx_word' id='word_1_36' title='bbox 453 1026 498 1097; x_wconf 89' lang='lat' dir='ltr'>ad</span> <span class='ocrx_word' id='word_1_37' title='bbox 526 1023 745 1096; x_wconf 83' lang='lat' dir='ltr'>Christianos</span> <span class='ocrx_word' id='word_1_38' title='bbox 776 1026 1017 1103; x_wconf 86' lang='lat' dir='ltr'>devenerunt.</span> <span class='ocrx_word' id='word_1_39' title='bbox 1085 1028 1196 1117; x_wconf 51' lang='lat' dir='ltr'>„Nea</span> 
     </span>
     <span class='ocr_line' id='line_1_9' title="bbox 298 1137 1182 1245; baseline 0.005 -29"><span class='ocrx_word' id='word_1_40' title='bbox 298 1144 444 1223; x_wconf 83' lang='lat' dir='ltr'>cessarie</span> <span class='ocrx_word' id='word_1_41' title='bbox 467 1142 593 1236; x_wconf 83' lang='lat' dir='ltr'>igitur,</span> <span class='ocrx_word' id='word_1_42' title='bbox 615 1142 730 1237; x_wconf 84' lang='lat' dir='ltr'>pergit</span> <span class='ocrx_word' id='word_1_43' title='bbox 749 1137 805 1230; x_wconf 84' lang='lat' dir='ltr'>a),</span> <span class='ocrx_word' id='word_1_44' title='bbox 831 1144 909 1215; x_wconf 82' lang='lat' dir='ltr'>haec</span> <span class='ocrx_word' id='word_1_45' title='bbox 931 1145 972 1215; x_wconf 88' lang='lat' dir='ltr'>in</span> <span class='ocrx_word' id='word_1_46' title='bbox 991 1155 1086 1243; x_wconf 83' lang='lat' dir='ltr'>ty‘po</span> <span class='ocrx_word' id='word_1_47' title='bbox 1106 1170 1182 1245; x_wconf 74' lang='lat' dir='ltr'>prm·</span> 
     </span>
     <span class='ocr_line' id='line_1_10' title="bbox 298 1260 1184 1345; baseline 0.002 -12"><span class='ocrx_word' id='word_1_48' title='bbox 298 1260 581 1345; x_wconf 78' lang='lat' dir='ltr'>meditabantur,</span> <span class='ocrx_word' id='word_1_49' title='bbox 611 1281 645 1329; x_wconf 89' lang='lat' dir='ltr'>et</span> <span class='ocrx_word' id='word_1_50' title='bbox 665 1260 932 1332; x_wconf 87' lang='lat' dir='ltr'>tabernaculum</span> <span class='ocrx_word' id='word_1_51' title='bbox 956 1260 1036 1335; x_wconf 92' lang='lat' dir='ltr'>Dei</span> <span class='ocrx_word' id='word_1_52' title='bbox 1062 1290 1110 1337; x_wconf 85' lang='lat' dir='ltr'>ex</span> <span class='ocrx_word' id='word_1_53' title='bbox 1132 1262 1184 1335; x_wconf 82' lang='lat' dir='ltr'>his</span> 
     </span>
     <span class='ocr_line' id='line_1_11' title="bbox 296 1374 1180 1481; baseline 0.002 -30"><span class='ocrx_word' id='word_1_54' title='bbox 296 1376 511 1451; x_wconf 82' lang='lat' dir='ltr'>fabricatur:</span> <span class='ocrx_word' id='word_1_55' title='bbox 538 1374 603 1447; x_wconf 88' lang='lat' dir='ltr'>illis</span> <span class='ocrx_word' id='word_1_56' title='bbox 629 1375 771 1471; x_wconf 90' lang='lat' dir='ltr'>quidem</span> <span class='ocrx_word' id='word_1_57' title='bbox 794 1376 882 1449; x_wconf 85' lang='lat' dir='ltr'>iuste</span> <span class='ocrx_word' id='word_1_58' title='bbox 909 1379 1180 1481; x_wconf 78' lang='lat' dir='ltr'>accipientibus,</span> 
     </span>
     <span class='ocr_line' id='line_1_12' title="bbox 295 1492 1180 1590; baseline 0.005 -25"><span class='ocrx_word' id='word_1_59' title='bbox 295 1492 602 1590; x_wconf 84' lang='lat' dir='ltr'>quemadmodum</span> <span class='ocrx_word' id='word_1_60' title='bbox 640 1493 886 1581; x_wconf 81' lang='lat' dir='ltr'>ostendimus3</span> <span class='ocrx_word' id='word_1_61' title='bbox 927 1497 1039 1570; x_wconf 89' lang='lat' dir='ltr'>nobis</span> <span class='ocrx_word' id='word_1_62' title='bbox 1070 1520 1180 1571; x_wconf 84' lang='lat' dir='ltr'>autem</span> 
     </span>
     <span class='ocr_line' id='line_1_13' title="bbox 296 1608 1181 1713; baseline 0.009 -31"><span class='ocrx_word' id='word_1_63' title='bbox 296 1610 550 1711; x_wconf 85' lang='lat' dir='ltr'>praeostensis,</span> <span class='ocrx_word' id='word_1_64' title='bbox 594 1609 656 1704; x_wconf 91' lang='lat' dir='ltr'>qui</span> <span class='ocrx_word' id='word_1_65' title='bbox 689 1608 927 1707; x_wconf 86' lang='lat' dir='ltr'>inciperemus</span> <span class='ocrx_word' id='word_1_66' title='bbox 962 1640 1029 1710; x_wconf 89' lang='lat' dir='ltr'>per</span> <span class='ocrx_word' id='word_1_67' title='bbox 1073 1616 1181 1713; x_wconf 79' lang='lat' dir='ltr'>aliena</span> 
     </span>
     <span class='ocr_line' id='line_1_14' title="bbox 296 1726 1180 1831; baseline 0.005 -28"><span class='ocrx_word' id='word_1_68' title='bbox 296 1730 386 1804; x_wconf 88' lang='lat' dir='ltr'>Deo</span> <span class='ocrx_word' id='word_1_69' title='bbox 404 1728 553 1811; x_wconf 69' lang='lat' dir='ltr'>servire3</span> <span class='ocrx_word' id='word_1_70' title='bbox 570 1727 734 1799; x_wconf 86' lang='lat' dir='ltr'>universa</span> <span class='ocrx_word' id='word_1_71' title='bbox 756 1726 868 1815; x_wconf 88' lang='lat' dir='ltr'>enim,</span> <span class='ocrx_word' id='word_1_72' title='bbox 888 1754 970 1830; x_wconf 84' lang='lat' dir='ltr'>quae</span> <span class='ocrx_word' id='word_1_73' title='bbox 991 1758 1040 1803; x_wconf 83' lang='lat' dir='ltr'>ex</span> <span class='ocrx_word' id='word_1_74' title='bbox 1057 1734 1180 1831; x_wconf 68' lang='lat' dir='ltr'>AEgyp7</span> 
     </span>
     <span class='ocr_line' id='line_1_15' title="bbox 295 1843 1179 1945; baseline 0.007 -27"><span class='ocrx_word' id='word_1_75' title='bbox 295 1867 336 1918; x_wconf 88' lang='lat' dir='ltr'>to</span> <span class='ocrx_word' id='word_1_76' title='bbox 358 1844 534 1940; x_wconf 81' lang='lat' dir='ltr'>profectio</span> <span class='ocrx_word' id='word_1_77' title='bbox 557 1843 665 1916; x_wconf 86' lang='lat' dir='ltr'>fiebat</span> <span class='ocrx_word' id='word_1_78' title='bbox 688 1847 813 1941; x_wconf 86' lang='lat' dir='ltr'>populi</span> <span class='ocrx_word' id='word_1_79' title='bbox 839 1872 859 1917; x_wconf 91' lang='lat' dir='ltr'>a</span> <span class='ocrx_word' id='word_1_80' title='bbox 880 1844 993 1935; x_wconf 80' lang='lat' dir='ltr'>Dec,</span> <span class='ocrx_word' id='word_1_81' title='bbox 1020 1868 1132 1945; x_wconf 85' lang='lat' dir='ltr'>typus</span> <span class='ocrx_word' id='word_1_82' title='bbox 1148 1868 1179 1923; x_wconf 84' lang='lat' dir='ltr'>et</span> 
     </span>
     <span class='ocr_line' id='line_1_16' title="bbox 292 1962 1177 2060; baseline 0.003 -24"><span class='ocrx_word' id='word_1_83' title='bbox 292 1962 414 2057; x_wconf 86' lang='lat' dir='ltr'>imago</span> <span class='ocrx_word' id='word_1_84' title='bbox 441 1962 507 2033; x_wconf 84' lang='lat' dir='ltr'>luit</span> <span class='ocrx_word' id='word_1_85' title='bbox 536 1962 767 2057; x_wconf 83' lang='lat' dir='ltr'>profectionis</span> <span class='ocrx_word' id='word_1_86' title='bbox 789 1962 982 2050; x_wconf 79' lang='lat' dir='ltr'>Ecclesiae,</span> <span class='ocrx_word' id='word_1_87' title='bbox 1009 1990 1093 2060; x_wconf 82' lang='lat' dir='ltr'>quae</span> <span class='ocrx_word' id='word_1_88' title='bbox 1114 1984 1177 2041; x_wconf 84' lang='lat' dir='ltr'>erat</span> 
     </span>
     <span class='ocr_line' id='line_1_17' title="bbox 294 2077 1178 2181; baseline 0.007 -30"><span class='ocrx_word' id='word_1_89' title='bbox 294 2079 413 2152; x_wconf 77' lang='lat' dir='ltr'>lutura</span> <span class='ocrx_word' id='word_1_90' title='bbox 430 2106 475 2150; x_wconf 85' lang='lat' dir='ltr'>ex</span> <span class='ocrx_word' id='word_1_91' title='bbox 495 2080 671 2174; x_wconf 86' lang='lat' dir='ltr'>gentibus.</span> <span class='ocrx_word' id='word_1_92' title='bbox 682 2083 704 2118; x_wconf 74' lang='lat'>‘⁶</span> <span class='ocrx_word' id='word_1_93' title='bbox 753 2077 841 2151; x_wconf 86' lang='lat' dir='ltr'>Vult</span> <span class='ocrx_word' id='word_1_94' title='bbox 861 2100 981 2152; x_wconf 86' lang='lat' dir='ltr'>autem</span> <span class='ocrx_word' id='word_1_95' title='bbox 999 2081 1033 2153; x_wconf 84' lang='lat' dir='ltr'>S.</span> <span class='ocrx_word' id='word_1_96' title='bbox 1053 2105 1178 2181; x_wconf 84' lang='lat' dir='ltr'>martyr</span> 
     </span>
     <span class='ocr_line' id='line_1_18' title="bbox 295 2196 1177 2296; baseline 0.003 -28"><span class='ocrx_word' id='word_1_97' title='bbox 295 2196 394 2268; x_wconf 85' lang='lat' dir='ltr'>bona</span> <span class='ocrx_word' id='word_1_98' title='bbox 408 2196 590 2292; x_wconf 85' lang='lat' dir='ltr'>praesentis</span> <span class='ocrx_word' id='word_1_99' title='bbox 603 2196 684 2267; x_wconf 85' lang='lat' dir='ltr'>vitae</span> <span class='ocrx_word' id='word_1_100' title='bbox 698 2196 892 2281; x_wconf 78' lang='lat' dir='ltr'>christianis</span> <span class='ocrx_word' id='word_1_101' title='bbox 907 2197 1043 2285; x_wconf 84' lang='lat' dir='ltr'>aliena,</span> <span class='ocrx_word' id='word_1_102' title='bbox 1065 2226 1177 2296; x_wconf 88' lang='lat' dir='ltr'>quem·</span> 
     </span>
     <span class='ocr_line' id='line_1_19' title="bbox 289 2313 1175 2411; baseline 0.002 -24"><span class='ocrx_word' id='word_1_103' title='bbox 289 2313 492 2388; x_wconf 73' lang='lat' dir='ltr'>admodum</span> <span class='ocrx_word' id='word_1_104' title='bbox 519 2313 629 2408; x_wconf 84' lang='lat' dir='ltr'>spolia</span> <span class='ocrx_word' id='word_1_105' title='bbox 656 2313 798 2411; x_wconf 80' lang='lat' dir='ltr'>AEgypti</span> <span class='ocrx_word' id='word_1_106' title='bbox 822 2315 966 2386; x_wconf 83' lang='lat' dir='ltr'>fuerunt</span> <span class='ocrx_word' id='word_1_107' title='bbox 993 2316 1175 2408; x_wconf 77' lang='lat' dir='ltr'>Israelitis,</span> 
     </span>
     <span class='ocr_line' id='line_1_20' title="bbox 297 2430 1176 2527; baseline 0.005 -24"><span class='ocrx_word' id='word_1_108' title='bbox 297 2430 493 2527; x_wconf 87' lang='lat' dir='ltr'>exquibus</span> <span class='ocrx_word' id='word_1_109' title='bbox 518 2430 600 2502; x_wconf 88' lang='lat' dir='ltr'>iussi</span> <span class='ocrx_word' id='word_1_110' title='bbox 625 2433 705 2502; x_wconf 85' lang='lat' dir='ltr'>lunt</span> <span class='ocrx_word' id='word_1_111' title='bbox 730 2431 996 2503; x_wconf 85' lang='lat' dir='ltr'>tabernaculum</span> <span class='ocrx_word' id='word_1_112' title='bbox 1024 2452 1176 2507; x_wconf 87' lang='lat' dir='ltr'>consttu-</span> 
     </span>
     <span class='ocr_line' id='line_1_21' title="bbox 293 2547 1176 2638; baseline 0.007 -20"><span class='ocrx_word' id='word_1_113' title='bbox 293 2574 373 2633; x_wconf 83' lang='lat' dir='ltr'>ere,</span> <span class='ocrx_word' id='word_1_114' title='bbox 401 2567 441 2619; x_wconf 89' lang='lat' dir='ltr'>ut</span> <span class='ocrx_word' id='word_1_115' title='bbox 458 2547 609 2619; x_wconf 78' lang='lat' dir='ltr'>similiter</span> <span class='ocrx_word' id='word_1_116' title='bbox 630 2575 696 2621; x_wconf 87' lang='lat' dir='ltr'>nos</span> <span class='ocrx_word' id='word_1_117' title='bbox 720 2550 824 2620; x_wconf 87' lang='lat' dir='ltr'>fimus</span> <span class='ocrx_word' id='word_1_118' title='bbox 843 2548 879 2618; x_wconf 92' lang='lat' dir='ltr'>in</span> <span class='ocrx_word' id='word_1_119' title='bbox 899 2549 1021 2621; x_wconf 87' lang='lat' dir='ltr'>alienis</span> <span class='ocrx_word' id='word_1_120' title='bbox 1045 2552 1176 2638; x_wconf 85' lang='lat' dir='ltr'>fideles,</span> 
     </span>
     <span class='ocr_line' id='line_1_22' title="bbox 293 2664 1174 2764; baseline 0.003 -27"><span class='ocrx_word' id='word_1_121' title='bbox 293 2691 375 2737; x_wconf 87' lang='lat' dir='ltr'>cum</span> <span class='ocrx_word' id='word_1_122' title='bbox 402 2664 488 2736; x_wconf 88' lang='lat' dir='ltr'>nihil</span> <span class='ocrx_word' id='word_1_123' title='bbox 513 2664 734 2736; x_wconf 85' lang='lat' dir='ltr'>intulerimus</span> <span class='ocrx_word' id='word_1_124' title='bbox 759 2665 795 2735; x_wconf 90' lang='lat' dir='ltr'>in</span> <span class='ocrx_word' id='word_1_125' title='bbox 820 2667 1014 2754; x_wconf 90' lang='lat' dir='ltr'>mundum,</span> <span class='ocrx_word' id='word_1_126' title='bbox 1043 2668 1174 2764; x_wconf 84' lang='lat' dir='ltr'>fintque</span> 
     </span>
     <span class='ocr_line' id='line_1_23' title="bbox 294 2781 1174 2875; baseline 0.006 -22"><span class='ocrx_word' id='word_1_127' title='bbox 294 2781 415 2853; x_wconf 90' lang='lat' dir='ltr'>omnia</span> <span class='ocrx_word' id='word_1_128' title='bbox 444 2782 479 2851; x_wconf 93' lang='lat' dir='ltr'>in</span> <span class='ocrx_word' id='word_1_129' title='bbox 516 2800 628 2851; x_wconf 87' lang='lat' dir='ltr'>morte</span> <span class='ocrx_word' id='word_1_130' title='bbox 662 2782 895 2875; x_wconf 88' lang='lat' dir='ltr'>relinquenda</span> <span class='ocrx_word' id='word_1_131' title='bbox 935 2809 1003 2855; x_wconf 90' lang='lat' dir='ltr'>ceu</span> <span class='ocrx_word' id='word_1_132' title='bbox 1035 2784 1174 2857; x_wconf 88' lang='lat' dir='ltr'>minima</span> 
     </span>
     <span class='ocr_line' id='line_1_24' title="bbox 290 2897 1174 2992; baseline 0.007 -25"><span class='ocrx_word' id='word_1_133' title='bbox 290 2917 454 2991; x_wconf 84' lang='lat' dir='ltr'>respectu</span> <span class='ocrx_word' id='word_1_134' title='bbox 476 2897 675 2983; x_wconf 90' lang='lat' dir='ltr'>bonorum,</span> <span class='ocrx_word' id='word_1_135' title='bbox 700 2923 778 2992; x_wconf 83' lang='lat' dir='ltr'>quae</span> <span class='ocrx_word' id='word_1_136' title='bbox 804 2925 870 2971; x_wconf 90' lang='lat' dir='ltr'>nos</span> <span class='ocrx_word' id='word_1_137' title='bbox 891 2898 929 2969; x_wconf 90' lang='lat' dir='ltr'>in</span> <span class='ocrx_word' id='word_1_138' title='bbox 954 2921 1088 2975; x_wconf 83' lang='lat' dir='ltr'>aeterna</span> <span class='ocrx_word' id='word_1_139' title='bbox 1107 2902 1174 2977; x_wconf 86' lang='lat' dir='ltr'>vim</span> 
     </span>
     <span class='ocr_line' id='line_1_25' title="bbox 291 3014 1170 3111; baseline 0.008 -27"><span class='ocrx_word' id='word_1_140' title='bbox 291 3033 484 3085; x_wconf 87' lang='lat' dir='ltr'>maneant:</span> <span class='ocrx_word' id='word_1_141' title='bbox 531 3014 630 3086; x_wconf 89' lang='lat' dir='ltr'>bona</span> <span class='ocrx_word' id='word_1_142' title='bbox 670 3016 833 3110; x_wconf 86' lang='lat' dir='ltr'>adeoque</span> <span class='ocrx_word' id='word_1_143' title='bbox 871 3016 1055 3111; x_wconf 84' lang='lat' dir='ltr'>praesentis</span> <span class='ocrx_word' id='word_1_144' title='bbox 1094 3019 1170 3091; x_wconf 77' lang='lat' dir='ltr'>vitae</span> 
     </span>
     <span class='ocr_line' id='line_1_26' title="bbox 291 3129 1173 3231; baseline 0.003 -26"><span class='ocrx_word' id='word_1_145' title='bbox 291 3129 552 3205; x_wconf 83' lang='lat' dir='ltr'>consideranda</span> <span class='ocrx_word' id='word_1_146' title='bbox 582 3159 656 3205; x_wconf 88' lang='lat' dir='ltr'>esse</span> <span class='ocrx_word' id='word_1_147' title='bbox 687 3131 792 3203; x_wconf 87' lang='lat' dir='ltr'>nobis</span> <span class='ocrx_word' id='word_1_148' title='bbox 829 3133 925 3203; x_wconf 88' lang='lat' dir='ltr'>haud</span> <span class='ocrx_word' id='word_1_149' title='bbox 957 3135 1109 3231; x_wconf 83' lang='lat' dir='ltr'>propria</span> <span class='ocrx_word' id='word_1_150' title='bbox 1135 3158 1173 3207; x_wconf 83' lang='lat' dir='ltr'>ac</span> 
     </span>
     <span class='ocr_line' id='line_1_27' title="bbox 291 3249 1170 3343; baseline 0.001 -21"><span class='ocrx_word' id='word_1_151' title='bbox 291 3276 359 3323; x_wconf 89' lang='lat' dir='ltr'>ceu</span> <span class='ocrx_word' id='word_1_152' title='bbox 379 3249 491 3320; x_wconf 88' lang='lat' dir='ltr'>aliena</span> <span class='ocrx_word' id='word_1_153' title='bbox 511 3270 677 3343; x_wconf 81' lang='lat' dir='ltr'>tanquam</span> <span class='ocrx_word' id='word_1_154' title='bbox 699 3249 1007 3343; x_wconf 81' lang='lat' dir='ltr'>dispensatoribus</span> <span class='ocrx_word' id='word_1_155' title='bbox 1025 3278 1047 3325; x_wconf 85' lang='lat' dir='ltr'>a</span> <span class='ocrx_word' id='word_1_156' title='bbox 1068 3250 1170 3337; x_wconf 89' lang='lat' dir='ltr'>Deo,</span> 
     </span>
     <span class='ocr_line' id='line_1_28' title="bbox 291 3366 1170 3462; baseline -0.002 -21"><span class='ocrx_word' id='word_1_157' title='bbox 291 3367 392 3441; x_wconf 87' lang='lat' dir='ltr'>cuius</span> <span class='ocrx_word' id='word_1_158' title='bbox 421 3366 541 3437; x_wconf 86' lang='lat' dir='ltr'>omnia</span> <span class='ocrx_word' id='word_1_159' title='bbox 566 3368 667 3452; x_wconf 84' lang='lat' dir='ltr'>sunt,</span> <span class='ocrx_word' id='word_1_160' title='bbox 696 3388 922 3462; x_wconf 83' lang='lat' dir='ltr'>quaecunque</span> <span class='ocrx_word' id='word_1_161' title='bbox 948 3368 1052 3455; x_wconf 84' lang='lat' dir='ltr'>lunt,</span> <span class='ocrx_word' id='word_1_162' title='bbox 1081 3392 1170 3441; x_wconf 89' lang='lat' dir='ltr'>com·</span> 
     </span>
     <span class='ocr_line' id='line_1_29' title="bbox 292 3481 1171 3569; baseline -0.001 -13"><span class='ocrx_word' id='word_1_163' title='bbox 292 3482 418 3569; x_wconf 85' lang='lat' dir='ltr'>missa,</span> <span class='ocrx_word' id='word_1_164' title='bbox 438 3503 478 3552; x_wconf 92' lang='lat' dir='ltr'>ut</span> <span class='ocrx_word' id='word_1_165' title='bbox 494 3481 591 3554; x_wconf 83' lang='lat' dir='ltr'>iuxta</span> <span class='ocrx_word' id='word_1_166' title='bbox 606 3483 680 3555; x_wconf 88' lang='lat' dir='ltr'>eius</span> <span class='ocrx_word' id='word_1_167' title='bbox 698 3485 917 3558; x_wconf 87' lang='lat' dir='ltr'>voluntatem</span> <span class='ocrx_word' id='word_1_168' title='bbox 932 3498 1015 3555; x_wconf 82' lang='lat' dir='ltr'>c&#39;um</span> <span class='ocrx_word' id='word_1_169' title='bbox 1034 3484 1111 3558; x_wconf 86' lang='lat' dir='ltr'>aliis</span> <span class='ocrx_word' id='word_1_170' title='bbox 1127 3502 1171 3559; x_wconf 85' lang='lat' dir='ltr'>et·</span> 
     </span>
     <span class='ocr_line' id='line_1_30' title="bbox 287 3598 1169 3695; baseline 0.001 -23"><span class='ocrx_word' id='word_1_171' title='bbox 287 3601 359 3672; x_wconf 82' lang='lat' dir='ltr'>iam</span> <span class='ocrx_word' id='word_1_172' title='bbox 381 3598 624 3695; x_wconf 81' lang='lat' dir='ltr'>indigentibus</span> <span class='ocrx_word' id='word_1_173' title='bbox 643 3600 701 3672; x_wconf 86' lang='lat' dir='ltr'>illa</span> <span class='ocrx_word' id='word_1_174' title='bbox 721 3599 1036 3673; x_wconf 86' lang='lat' dir='ltr'>communicemus.</span> <span class='ocrx_word' id='word_1_175' title='bbox 1055 3600 1169 3689; x_wconf 75' lang='lat' dir='ltr'>s„Do·</span> 
     </span>
     <span class='ocr_line' id='line_1_31' title="bbox 287 3709 1215 3814; baseline 0.005 -28"><span class='ocrx_word' id='word_1_176' title='bbox 287 3717 408 3801; x_wconf 76' lang='lat' dir='ltr'>minus</span> <span class='ocrx_word' id='word_1_177' title='bbox 430 3719 604 3790; x_wconf 88' lang='lat' dir='ltr'>hocloco</span> <span class='ocrx_word' id='word_1_178' title='bbox 624 3722 719 3810; x_wconf 82' lang='lat' dir='ltr'>vult,</span> <span class='ocrx_word' id='word_1_179' title='bbox 746 3734 787 3789; x_wconf 90' lang='lat' dir='ltr'>ut</span> <span class='ocrx_word' id='word_1_180' title='bbox 805 3733 925 3814; x_wconf 88' lang='lat' dir='ltr'>aperte</span> <span class='ocrx_word' id='word_1_181' title='bbox 948 3742 1023 3790; x_wconf 88' lang='lat' dir='ltr'>rem</span> <span class='ocrx_word' id='word_1_182' title='bbox 1050 3718 1168 3793; x_wconf 85' lang='lat' dir='ltr'>Theo·</span> <span class='ocrx_word' id='word_1_183' title='bbox 1214 3709 1215 3714; x_wconf 27' lang='lat'>¹</span> 
     </span>
     <span class='ocr_line' id='line_1_32' title="bbox 287 3831 1166 3934; baseline 0.005 -31"><span class='ocrx_word' id='word_1_184' title='bbox 287 3833 479 3934; x_wconf 79' lang='lat' dir='ltr'>phylactus</span> <span class='ocrx_word' id='word_1_185' title='bbox 498 3834 649 3933; x_wconf 86' lang='lat' dir='ltr'>exponit</span> <span class='ocrx_word' id='word_1_186' title='bbox 670 3831 728 3924; x_wconf 83' lang='lat' dir='ltr'>h),</span> <span class='ocrx_word' id='word_1_187' title='bbox 755 3861 822 3906; x_wconf 90' lang='lat' dir='ltr'>nos</span> <span class='ocrx_word' id='word_1_188' title='bbox 844 3835 995 3920; x_wconf 86' lang='lat' dir='ltr'>docere,</span> <span class='ocrx_word' id='word_1_189' title='bbox 1018 3853 1059 3907; x_wconf 92' lang='lat' dir='ltr'>ut</span> <span class='ocrx_word' id='word_1_190' title='bbox 1079 3836 1166 3909; x_wconf 82' lang='lat' dir='ltr'>bene</span> 
     </span>
    </p>
   </div>
   <div class='ocr_carea' id='block_1_3' title="bbox 323 3975 1212 4081">
    <p class='ocr_par' dir='ltr' id='par_1_5' title="bbox 323 3975 1212 4081">
     <span class='ocr_line' id='line_1_33' title="bbox 323 3975 1212 4081; baseline 0.004 -46"><span class='ocrx_word' id='word_1_191' title='bbox 323 3977 356 4071; x_wconf 53' lang='lat' dir='ltr'>a)</span> <span class='ocrx_word' id='word_1_192' title='bbox 370 3979 413 4037; x_wconf 75' lang='lat' dir='ltr'>lt.</span> <span class='ocrx_word' id='word_1_193' title='bbox 429 3999 454 4038; x_wconf 83' lang='lat' dir='ltr'>n.</span> <span class='ocrx_word' id='word_1_194' title='bbox 470 3998 496 4047; x_wconf 81' lang='grc'>4.</span> <span class='ocrx_word' id='word_1_195' title='bbox 561 3975 594 4048; x_wconf 74' lang='grc' dir='ltr'>ὑ)</span> <span class='ocrx_word' id='word_1_196' title='bbox 612 3983 751 4081; x_wconf 63' lang='lat' dir='ltr'>Commeat.</span> <span class='ocrx_word' id='word_1_197' title='bbox 766 3984 796 4038; x_wconf 80' lang='lat' dir='ltr'>a&#39;n</span> <span class='ocrx_word' id='word_1_198' title='bbox 806 3982 871 4042; x_wconf 68' lang='lat' dir='ltr'>Iac.</span> <span class='ocrx_word' id='word_1_199' title='bbox 883 4000 909 4042; x_wconf 78' lang='lat' dir='ltr'>c·</span> <span class='ocrx_word' id='word_1_200' title='bbox 924 3985 967 4042; x_wconf 79' lang='lat'>16;</span> <span class='ocrx_word' id='word_1_201' title='bbox 984 3980 1061 4042; x_wconf 61' lang='lat'>221.</span> <span class='ocrx_word' id='word_1_202' title='bbox 1068 3994 1096 4054; x_wconf 67' lang='lat' dir='ltr'>p.</span> <span class='ocrx_word' id='word_1_203' title='bbox 1107 3996 1162 4051; x_wconf 60' lang='lat'>4122</span> <span class='ocrx_word' id='word_1_204' title='bbox 1209 4049 1212 4054; x_wconf 33' lang='grc'><strong>,</strong></span> 
     </span>
    </p>
   </div>
   <div class='ocr_carea' id='block_1_4' title="bbox 0 0 1224 4566">
    <p class='ocr_par' dir='ltr' id='par_1_6' title="bbox 0 0 1224 4566">
     <span class='ocr_line' id='line_1_34' title="bbox 0 0 1224 4566; baseline 0 2"><span class='ocrx_word' id='word_1_205' title='bbox 0 0 1224 4566; x_wconf 95' lang='lat' dir='ltr'> </span> 
     </span>
    </p>
   </div>
  </div>
 </body>
</html>
